@inproceedings{DBLP:conf/fis/ValleCBBC08,
    title = {{A First Step Towards Stream Reasoning}},
    year = {2008},
    booktitle = {FIS},
    author = {Valle, Emanuele Della and Ceri, Stefano and Barbieri, Davide Francesco and Braga, Daniele and Campi, Alessandro},
    pages = {72--81},
    series = {Lecture Notes in Computer Science},
    volume = {5468},
    publisher = {Springer}
}

@article{price1976general,
    title = {{A general theory of bibliometric and other cumulative advantage processes}},
    year = {1976},
    journal = {Journal of the Association for Information Science and Technology},
    author = {Price, Derek de Solla},
    number = {5},
    pages = {292--306},
    volume = {27},
    publisher = {Wiley Online Library}
}

@article{DBLP:journals/ws/PhuocNPH12,
    title = {{A middleware framework for scalable management of linked streams}},
    year = {2012},
    journal = {J. Web Sem.},
    author = {Le Phuoc, Danh and Nguyen-Mau, Hoan Quoc and Parreira, Josiane Xavier and Hauswirth, Manfred},
    pages = {42--51},
    volume = {16}
}

@inproceedings{DBLP:conf/semweb/PhuocDPH11,
    title = {{A Native and Adaptive Approach for Unified Processing of Linked Streams and Linked Data}},
    year = {2011},
    booktitle = {International Semantic Web Conference {\{}(1){\}}},
    author = {Phuoc, Danh Le and Dao-Tran, Minh and Parreira, Josiane Xavier and Hauswirth, Manfred},
    pages = {370--388},
    series = {Lecture Notes in Computer Science},
    volume = {7031},
    publisher = {Springer}
}

@inproceedings{psyllidis2015platform,
    title = {{A platform for urban analytics and semantic data integration in city planning}},
    year = {2015},
    booktitle = {CAAD Futures},
    author = {Psyllidis, Achilleas and Bozzon, Alessandro and Bocconi, Stefano and Bolivar, Christiaan Titos},
    pages = {21--36},
    organization = {Springer}
}

@inproceedings{DBLP:conf/www/BarbieriV10,
    title = {{A Proposal for Publishing Data Streams as Linked Data - {\{}A{\}} Position Paper}},
    year = {2010},
    booktitle = {Proceedings of the {\{}WWW2010{\}} Workshop on Linked Data on the Web, {\{}LDOW{\}} 2010, Raleigh, USA, April 27, 2010},
    author = {Barbieri, Davide Francesco and Della Valle, Emanuele},
    url = {http://ceur-ws.org/Vol-628/ldow2010_paper11.pdf}
}

@inproceedings{DBLP:conf/semweb/BalduiniV13,
    title = {{A Restful Interface for {\{}RDF{\}} Stream Processors}},
    year = {2013},
    booktitle = {International Semantic Web Conference (Posters {\&} Demos)},
    author = {Balduini, Marco and Valle, Emanuele Della},
    pages = {209--212},
    series = {{\{}CEUR{\}} Workshop Proceedings},
    volume = {1035},
    publisher = {CEUR-WS.org}
}

@inproceedings{DBLP:conf/esws/GrayGKKCPSFGFPCKRMG11,
    title = {{A Semantically Enabled Service Architecture for Mashups over Streaming and Stored Data}},
    year = {2011},
    booktitle = {ESWC (2)},
    author = {Gray, Alasdair J G and Garcia-Castro, Raul and Kyzirakos, Kostis and Karpathiotakis, Manos and Calbimonte, Jean-Paul and Page, Kevin R and Sadler, Jason and Frazer, Alex and Galpin, Ixent and Fernandes, Alvaro A A and Paton, Norman W and Corcho, Óscar and Koubarakis, Manolis and Roure, David De and Martinez, Kirk and G{\'{o}}mez-P{\'{e}}rez, Asunción},
    pages = {300--314}
}

@article{becker2011tale,
    title = {{A Tale of One City: Using Cellular Network Data for Urban Planning}},
    year = {2011},
    journal = {{\{}IEEE{\}} Pervasive Computing},
    author = {Becker, Richard A and C{\'{a}}ceres, Ramón and Hanson, Karrie and Loh, Ji Meng and Urbanek, Simon and Varshavsky, Alexander and Volinsky, Chris},
    number = {4},
    pages = {18--26},
    volume = {10}
}

@article{mcardleanalyzing,
    title = {{Analyzing Social Events in Real-Time using Big Mobile Data}},
    year = {2015},
    journal = {IEEE COMSOC MMTC E-Letter},
    author = {McArdle, Gavin and Di Lorenzo, Giusy and Pinelli, Fabio and Calabrese, Francesco and Van Lierde, Erik}
}

@article{DBLP:journals/tist/MeoFAAH13,
    title = {{Analyzing user behavior across social sharing environments}},
    year = {2013},
    journal = {{\{}ACM{\}} {\{}TIST{\}}},
    author = {Meo, Pasquale De and Ferrara, Emilio and Abel, Fabian and Aroyo, Lora and Houben, Geert-Jan},
    number = {1},
    pages = {14:1--14:31},
    volume = {5}
}

@article{carbone2015apache,
    title = {{Apache Flink{\{}{\textbackslash}texttrademark{\}}: Stream and Batch Processing in a Single Engine}},
    year = {2015},
    journal = {{\{}IEEE{\}} Data Eng. Bull.},
    author = {Carbone, Paris and Katsifodimos, Asterios and Ewen, Stephan and Markl, Volker and Haridi, Seif and Tzoumas, Kostas},
    number = {4},
    pages = {28--38},
    volume = {38}
}

@article{DBLP:journals/debu/CarboneKEMHT15,
    title = {{Apache Flink{\{}{\textbackslash}texttrademark{\}}: Stream and Batch Processing in a Single Engine}},
    year = {2015},
    journal = {{\{}IEEE{\}} Data Eng. Bull.},
    author = {Carbone, Paris and Katsifodimos, Asterios and Ewen, Stephan and Markl, Volker and Haridi, Seif and Tzoumas, Kostas},
    number = {4},
    pages = {28--38},
    volume = {38}
}

@article{zaharia2016apache,
    title = {{Apache Spark: a unified engine for big data processing}},
    year = {2016},
    journal = {Commun. {\{}ACM{\}}},
    author = {Zaharia, Matei and Xin, Reynold S and Wendell, Patrick and Das, Tathagata and Armbrust, Michael and Dave, Ankur and Meng, Xiangrui and Rosen, Josh and Venkataraman, Shivaram and Franklin, Michael J and Ghodsi, Ali and Gonzalez, Joseph and Shenker, Scott and Stoica, Ion},
    number = {11},
    pages = {56--65},
    volume = {59}
}

@article{sanderson2015world,
    title = {{Are world cities also world immigrant cities? An international, cross-city analysis of global centrality and immigration}},
    year = {2015},
    journal = {International Journal of Comparative Sociology},
    author = {Sanderson, Matthew R and Derudder, Ben and Timberlake, Michael and Witlox, Frank},
    number = {3-4},
    pages = {173--197},
    volume = {56},
    publisher = {SAGE Publications Sage UK: London, England}
}

@article{karimov2018benchmarking,
    title = {{Benchmarking Distributed Stream Processing Engines}},
    year = {2018},
    journal = {CoRR},
    author = {Karimov, Jeyhun and Rabl, Tilmann and Katsifodimos, Asterios and Samarev, Roman and Heiskanen, Henri and Markl, Volker},
    volume = {abs/1802.0}
}

@inproceedings{chintapalli2016benchmarking,
    title = {{Benchmarking Streaming Computation Engines: Storm, Flink and Spark Streaming}},
    year = {2016},
    booktitle = {{\{}IPDPS{\}} Workshops},
    author = {Chintapalli, Sanket and Dagit, Derek and Evans, Bobby and Farivar, Reza and Graves, Thomas and Holderbaugh, Mark and Liu, Zhuo and Nusbaum, Kyle and Patil, Kishorkumar and Peng, Boyang and Poulosky, Paul},
    pages = {1789--1792},
    publisher = {{\{}IEEE{\}} Computer Society}
}

@book{marz2015big,
    title = {{Big Data: Principles and best practices of scalable real-time data systems}},
    year = {2015},
    author = {Marz, Nathan and Warren, James},
    publisher = {New York; Manning Publications Co.}
}

@inproceedings{cheliotis2016capturing,
    title = {{Capturing Real-Time Public Space Activity Using Publicly Available Digital Traces.}},
    year = {2016},
    booktitle = {CitiLab@ ICWSM},
    author = {Cheliotis, Kostas}
}

@inproceedings{DBLP:conf/avi/AntonelliABCVL14,
    title = {{City sensing: visualising mobile and social data about a city scale event}},
    year = {2014},
    booktitle = {AVI},
    author = {Antonelli, Fabrizio and Azzi, Matteo and Balduini, Marco and Ciuccarelli, Paolo and Della Valle, Emanuele and Larcher, Roberto},
    pages = {337--338},
    publisher = {ACM}
}

@inproceedings{DBLP:conf/semweb/AliGM15,
    title = {{CityBench: {\{}A{\}} Configurable Benchmark to Evaluate {\{}RSP{\}} Engines Using Smart City Datasets}},
    year = {2015},
    booktitle = {International Semantic Web Conference {\{}(2){\}}},
    author = {Ali, Muhammad Intizar and Gao, Feng and Mileo, Alessandra},
    pages = {374--389},
    series = {Lecture Notes in Computer Science},
    volume = {9367},
    publisher = {Springer}
}

@article{DBLP:journals/ieeemm/BalduiniVALAC15,
    title = {{CitySensing: Fusing City Data for Visual Storytelling}},
    year = {2015},
    journal = {{\{}IEEE{\}} MultiMedia},
    author = {Balduini, Marco and Della Valle, Emanuele and Azzi, Matteo and Larcher, Roberto and Antonelli, Fabrizio and Ciuccarelli, Paolo},
    number = {3},
    pages = {44--53},
    volume = {22}
}

@inproceedings{DBLP:conf/debs/BalduiniPV18,
    title = {{Cost-Aware Streaming Data Analysis: Distributed vs Single-Thread}},
    year = {2018},
    booktitle = {DEBS},
    author = {Balduini, Marco and Pasupathipillai, Sivam and Valle, Emanuele Della},
    pages = {160--170},
    publisher = {ACM}
}

@inproceedings{LenzeriniOBDI,
    title = {{Data Integration: {\{}A{\}} Theoretical Perspective}},
    year = {2002},
    booktitle = {PODS},
    author = {Lenzerini, Maurizio},
    pages = {233--246},
    publisher = {ACM}
}

@book{garofalakis2016data,
    title = {{Data Stream Management - Processing High-Speed Data Streams}},
    year = {2016},
    editor = {Garofalakis, Minos N and Gehrke, Johannes and Rastogi, Rajeev},
    series = {Data-Centric Systems and Applications},
    publisher = {Springer}
}

@article{DBLP:journals/expert/BarbieriBCVHTRW10,
    title = {{Deductive and Inductive Stream Reasoning for Semantic Social Media Analytics}},
    year = {2010},
    journal = {{\{}IEEE{\}} Intelligent Systems},
    author = {Barbieri, Davide Francesco and Braga, Daniele and Ceri, Stefano and Valle, Emanuele Della and Huang, Yi and Tresp, Volker and Rettinger, Achim and Wermser, Hendrik},
    number = {6},
    pages = {32--41},
    volume = {25}
}

@article{zaharia2012discretized,
    title = {{Discretized Streams: An Efficient and Fault-Tolerant Model for Stream Processing on Large Clusters}},
    year = {2012},
    journal = {HotCloud},
    author = {Zaharia, Matei and Das, Tathagata and Li, Haoyuan and Shenker, Scott and Stoica, Ion},
    publisher = {{\{}USENIX{\}} Association}
}

@inproceedings{DBLP:conf/sosp/ZahariaDLHSS13,
    title = {{Discretized streams: fault-tolerant streaming computation at scale}},
    year = {2013},
    booktitle = {{\{}ACM{\}} {\{}SIGOPS{\}} 24th Symposium on Operating Systems Principles, {\{}SOSP{\}} '13, Farmington, PA, USA, November 3-6, 2013},
    author = {Zaharia, Matei and Das, Tathagata and Li, Haoyuan and Hunter, Timothy and Shenker, Scott and Stoica, Ion},
    editor = {Kaminsky, Michael and Dahlin, Mike},
    pages = {423--438},
    publisher = {ACM},
    url = {http://doi.acm.org/10.1145/2517349.2522737},
    doi = {10.1145/2517349.2522737}
}

@misc{bodendistributed,
    title = {{Distributed Machine Learning-but at what COST?}},
    year = {2018},
    author = {Boden, Christoph and Rabl, Tilmann and Markl, Volker},
    howpublished = {Private Communication},
    institution = {Tilmann Rabl}
}

@phdthesis{DBLP:phd/basesearch/Heintz09,
    title = {{DyKnow : {\{}A{\}} Stream-Based Knowledge Processing Middleware Framework}},
    year = {2009},
    author = {Heintz, Fredrik},
    school = {Link{\"{o}}ping University, Sweden}
}

@article{DBLP:journals/jifs/HeintzD04,
    title = {{DyKnow: An approach to middleware for knowledge processing}},
    year = {2004},
    journal = {Journal of Intelligent and Fuzzy Systems},
    author = {Heintz, Fredrik and Doherty, Patrick},
    number = {1},
    pages = {3--13},
    volume = {15}
}

@article{deville2014dynamic,
    title = {{Dynamic population mapping using mobile phone data}},
    year = {2014},
    journal = {Proceedings of the National Academy of Sciences},
    author = {Deville, Pierre and Linard, Catherine and Martin, Samuel and Gilbert, Marius and Stevens, Forrest R and Gaughan, Andrea E and Blondel, Vincent D and Tatem, Andrew J},
    number = {45},
    pages = {15888--15893},
    volume = {111},
    publisher = {National Acad Sciences}
}

@inproceedings{DBLP:conf/semweb/PhuocQVH13,
    title = {{Elastic and Scalable Processing of Linked Stream Data in the Cloud}},
    year = {2013},
    booktitle = {International Semantic Web Conference {\{}(1){\}}},
    author = {Phuoc, Danh Le and Quoc, Hoan Nguyen Mau and Van, Chan Le and Hauswirth, Manfred},
    pages = {280--297},
    series = {Lecture Notes in Computer Science},
    volume = {8218},
    publisher = {Springer}
}

@inproceedings{DBLP:conf/semweb/CalbimonteCG10,
    title = {{Enabling Ontology-Based Access to Streaming Data Sources}},
    year = {2010},
    booktitle = {International Semantic Web Conference {\{}(1){\}}},
    author = {Calbimonte, Jean-Paul and Corcho, Óscar and Gray, Alasdair J G},
    pages = {96--111},
    series = {Lecture Notes in Computer Science},
    volume = {6496},
    publisher = {Springer}
}

@inproceedings{DBLP:conf/semweb/CalbimonteCG10b,
    title = {{Enabling Ontology-Based Access to Streaming Data Sources}},
    year = {2010},
    booktitle = {International Semantic Web Conference {\{}(1){\}}},
    author = {Calbimonte, Jean-Paul and Corcho, Óscar and Gray, Alasdair J G},
    pages = {96--111},
    series = {Lecture Notes in Computer Science},
    volume = {6496},
    publisher = {Springer}
}

@article{DBLP:journals/ijswis/CalbimonteJCA12,
    title = {{Enabling Query Technologies for the Semantic Sensor Web}},
    year = {2012},
    journal = {Int. J. Semantic Web Inf. Syst.},
    author = {Calbimonte, Jean-Paul and Jeung, Hoyoung and Corcho, Óscar and Aberer, Karl},
    number = {1},
    pages = {43--63},
    volume = {8}
}

@misc{caceres2012exploring,
    title = {{Exploring the Use of Urban Greenspace through Cellular Network Activity}},
    year = {2012},
    author = {C{\'{a}}ceres, Ramón and Rowl, James and Small, Christopher and Urbanek, Simon}
}

@inproceedings{Srivastava:2004:FTM:1055558.1055596,
    title = {{Flexible Time Management in Data Stream Systems}},
    year = {2004},
    booktitle = {Proceedings of the Twenty-third ACM SIGMOD-SIGACT-SIGART Symposium on Principles of Database Systems},
    author = {Srivastava, Utkarsh and Widom, Jennifer},
    pages = {263--274},
    series = {PODS '04},
    publisher = {ACM},
    url = {http://doi.acm.org/10.1145/1055558.1055596},
    address = {New York, NY, USA},
    isbn = {158113858X},
    doi = {10.1145/1055558.1055596}
}

@inproceedings{DBLP:conf/semweb/BalduiniV15,
    title = {{FraPPE: {\{}A{\}} Vocabulary to Represent Heterogeneous Spatio-temporal Data to Support Visual Analytics}},
    year = {2015},
    booktitle = {ISWC {\{}(2){\}}},
    author = {Balduini, Marco and Della Valle, Emanuele},
    pages = {321--328},
    series = {LNCS},
    volume = {9367},
    publisher = {Springer}
}

@inproceedings{cho2011friendship,
    title = {{Friendship and Mobility: User Movement in Location-based Social Networks}},
    year = {2011},
    booktitle = {Proceedings of the 17th ACM SIGKDD International Conference on Knowledge Discovery and Data Mining},
    author = {Cho, Eunjoon and Myers, Seth A and Leskovec, Jure},
    pages = {1082--1090},
    series = {KDD '11},
    publisher = {ACM},
    address = {New York, NY, USA},
    isbn = {978-1-4503-0813-7},
    keywords = {communication networks, human mobility, social networks}
}

@inproceedings{tasse2016generating,
    title = {{Generating Neighborhood Guides from Social Media.}},
    year = {2016},
    booktitle = {CitiLab@ ICWSM},
    author = {Tasse, Dan and Chou, Jennifer T and Hong, Jason I}
}

@inproceedings{DBLP:conf/dagstuhl/1998gp,
    title = {{Generic Programming, International Seminar on Generic Programming, Dagstuhl Castle, Germany, April 27 - May 1, 1998, Selected Papers}},
    year = {2000},
    editor = {Jazayeri, Mehdi and Loos, Rüdiger and Musser, David R},
    series = {Lecture Notes in Computer Science},
    volume = {1766},
    publisher = {Springer},
    isbn = {3-540-41090-2}
}

@article{hawelka2014geo,
    title = {{Geo-located Twitter as proxy for global mobility patterns}},
    year = {2014},
    journal = {Cartography and Geographic Information Science},
    author = {Hawelka, Bartosz and Sitko, Izabela and Beinat, Euro and Sobolevsky, Stanislav and Kazakopoulos, Pavlos and Ratti, Carlo},
    number = {3},
    pages = {260--271},
    volume = {41},
    publisher = {Taylor {\&} Francis}
}

@article{battle2011geosparql,
    title = {{Geosparql: enabling a geospatial semantic web}},
    year = {2011},
    journal = {Semantic Web Journal},
    author = {Battle, Robert and Kolas, Dave},
    number = {4},
    pages = {355--370},
    volume = {3}
}

@inproceedings{DBLP:conf/esws/TommasiniVBD16,
    title = {{Heaven: {\{}A{\}} Framework for Systematic Comparative Research Approach for {\{}RSP{\}} Engines}},
    year = {2016},
    booktitle = {ESWC},
    author = {Tommasini, Riccardo and Valle, Emanuele Della and Balduini, Marco and Dell'Aglio, Daniele},
    pages = {250--265},
    series = {Lecture Notes in Computer Science},
    volume = {9678},
    publisher = {Springer}
}

@inproceedings{DBLP:conf/owled/ShearerMH08,
    title = {{HermiT: {\{}A{\}} Highly-Efficient {\{}OWL{\}} Reasoner}},
    year = {2008},
    booktitle = {OWLED},
    author = {Shearer, Rob and Motik, Boris and Horrocks, Ian},
    series = {{\{}CEUR{\}} Workshop Proceedings},
    volume = {432},
    publisher = {CEUR-WS.org}
}

@article{DBLP:journals/pvldb/ThusooSJSCALWM09,
    title = {{Hive - {\{}A{\}} Warehousing Solution Over a Map-Reduce Framework}},
    year = {2009},
    journal = {PVLDB},
    author = {Thusoo, Ashish and Sarma, Joydeep Sen and Jain, Namit and Shao, Zheng and Chakka, Prasad and Anthony, Suresh and Liu, Hao and Wyckoff, Pete and Murthy, Raghotham},
    number = {2},
    pages = {1626--1629},
    volume = {2}
}

@inproceedings{calabrese2010human,
    title = {{Human mobility prediction based on individual and collective geographical preferences}},
    year = {2010},
    booktitle = {Intelligent Transportation Systems (ITSC), 2010 13th International IEEE Conference on},
    author = {Calabrese, Francesco and Di Lorenzo, Giusy and Ratti, Carlo},
    pages = {312--317},
    organization = {IEEE}
}

@article{moyes1993icon,
    title = {{Icon design and its effect on guessability, learnability, and experienced user performance}},
    year = {1993},
    journal = {People and computers},
    author = {Moyes, Jackie and W Jordan, Patrick},
    number = {8},
    pages = {49--60}
}

@inproceedings{DBLP:conf/sigmod/VlachosMV04,
    title = {{Identifying Similarities, Periodicities and Bursts for Online Search Queries}},
    year = {2004},
    booktitle = {SIGMOD Conference},
    author = {{Vlachos, M. et al.}},
    pages = {131--142}
}

@inproceedings{hristova2016if,
    title = {{If You've Got the Money, I've Got the Time: Spatio-Temporal Footprints of Spending at Sports Events on Foursquare.}},
    year = {2016},
    booktitle = {CitiLab@ ICWSM},
    author = {Hristova, Desislava and Liben-Nowell, David and Noulas, Anastasios and Mascolo, Cecilia}
}

@article{cook2005illuminating,
    title = {{Illuminating the path: The research and development agenda for visual analytics}},
    year = {2005},
    author = {Cook, Kristin A and Thomas, James J},
    publisher = {IEEE Computer Society, Los Alamitos, CA, United States (US).}
}

@inproceedings{Barbieri2010b,
    title = {{Incremental Reasoning on Streams and Rich Background Knowledge}},
    year = {2010},
    booktitle = {ESWC},
    author = {Barbieri, Davide Francesco and Braga, Daniele and Ceri, Stefano and Della Valle, Emanuele and Grossniklaus, Michael}
}

@inproceedings{DBLP:conf/esws/BarbieriBCVG10,
    title = {{Incremental Reasoning on Streams and Rich Background Knowledge}},
    year = {2010},
    booktitle = {{\{}ESWC{\}} {\{}(1){\}}},
    author = {Barbieri, Davide Francesco and Braga, Daniele and Ceri, Stefano and Valle, Emanuele Della and Grossniklaus, Michael},
    pages = {1--15},
    series = {Lecture Notes in Computer Science},
    volume = {6088},
    publisher = {Springer}
}

@inproceedings{DBLP:conf/aaai/MotikNPH15a,
    title = {{Incremental Update of Datalog Materialisation: the Backward/Forward Algorithm}},
    year = {2015},
    booktitle = {AAAI},
    author = {Motik, Boris and Nenov, Yavor and Piro, Robert Edgar Felix and Horrocks, Ian},
    pages = {1560--1568},
    publisher = {{\{}AAAI{\}} Press}
}

@inproceedings{DBLP:conf/aaai/MotikNPH15ab,
    title = {{Incremental Update of Datalog Materialisation: the Backward/Forward Algorithm}},
    year = {2015},
    booktitle = {AAAI},
    author = {Motik, Boris and Nenov, Yavor and Piro, Robert Edgar Felix and Horrocks, Ian},
    pages = {1560--1568},
    publisher = {{\{}AAAI{\}} Press}
}

@article{DBLP:journals/jods/VolzSM05,
    title = {{Incrementally Maintaining Materializations of Ontologies Stored in Logic Databases}},
    year = {2005},
    journal = {J. Data Semantics},
    author = {Volz, Raphael and Staab, Steffen and Motik, Boris},
    pages = {1--34},
    volume = {2}
}

@article{mandalintegrating,
    title = {{Integrating Telecom CDR and Customer Data from Different Operational databases and Data warehouses into a Central Data Warehouse for Business Analysis}},
    author = {Mandal, Sharmistha and Maji, Giridhar}
}

@article{della2009s,
    title = {{It's a Streaming World! Reasoning upon Rapidly Changing Information}},
    year = {2009},
    journal = {{\{}IEEE{\}} Intelligent Systems},
    author = {Della Valle, Emanuele and Ceri, Stefano and van Harmelen, Frank and Fensel, Dieter},
    number = {6},
    pages = {83--89},
    volume = {24}
}

@inproceedings{kreps2011kafka,
    title = {{Kafka: A distributed messaging system for log processing}},
    year = {2011},
    booktitle = {Proceedings of the NetDB},
    author = {Kreps, Jay and Narkhede, Neha and Rao, Jun},
    pages = {1--7}
}

@inproceedings{arasu2004linear,
    title = {{Linear Road: {\{}A{\}} Stream Data Management Benchmark}},
    year = {2004},
    booktitle = {VLDB},
    author = {Arasu, Arvind and Cherniack, Mitch and Galvez, Eduardo F and Maier, David and Maskey, Anurag and Ryvkina, Esther and Stonebraker, Michael and Tibbetts, Richard},
    pages = {480--491},
    publisher = {Morgan Kaufmann}
}

@article{DBLP:journals/ijswis/BizerHB09,
    title = {{Linked Data - The Story So Far}},
    year = {2009},
    journal = {Int. J. Semantic Web Inf. Syst.},
    author = {Bizer, Christian and Heath, Tom and Berners-Lee, Tim},
    number = {3},
    pages = {1--22},
    volume = {5}
}

@book{DBLP:series/synthesis/2011Heath,
    title = {{Linked Data: Evolving the Web into a Global Data Space}},
    year = {2011},
    author = {Heath, Tom and Bizer, Christian},
    series = {Synthesis Lectures on the Semantic Web},
    publisher = {Morgan {\&} Claypool Publishers}
}

@inproceedings{DBLP:conf/semweb/SequedaC09,
    title = {{Linked Stream Data: {\{}A{\}} Position Paper}},
    year = {2009},
    booktitle = {SSN},
    author = {Sequeda, Juan F and Corcho, Óscar},
    pages = {148--157},
    series = {{\{}CEUR{\}} Workshop Proceedings},
    volume = {522},
    publisher = {CEUR-WS.org}
}

@article{DBLP:journals/jods/PoggiLCGLR08,
    title = {{Linking Data to Ontologies}},
    year = {2008},
    journal = {J. Data Semantics},
    author = {Poggi, Antonella and Lembo, Domenico and Calvanese, Diego and De Giacomo, Giuseppe and Lenzerini, Maurizio and Rosati, Riccardo},
    pages = {133--173},
    volume = {10}
}

@inproceedings{DBLP:conf/bis/ValleB15,
    title = {{Listening to and Visualising the Pulse of Our Cities Using Social Media and Call Data Records}},
    year = {2015},
    booktitle = {{\{}BIS{\}} (Workshops)},
    author = {Della Valle, Emanuele and Balduini, Marco},
    pages = {3--14},
    series = {LNBIP},
    volume = {228},
    publisher = {Springer}
}

@book{DBLP:books/daglib/0005829,
    title = {{Logical foundations of artificial intelligence}},
    year = {1988},
    author = {Genesereth, Michael R and Nilsson, Nils J},
    publisher = {Morgan Kaufmann},
    isbn = {978-0-934613-31-6}
}

@incollection{lacasse2015making,
    title = {{Making assessment decisions: Macro, mezzo, and micro perspectives}},
    year = {2015},
    booktitle = {Critical Thinking in Clinical Assessment and Diagnosis},
    author = {Lacasse, Jeffrey R and Gambrill, Eileen},
    pages = {69--84},
    publisher = {Springer}
}

@article{dean2008mapreduce,
    title = {{MapReduce: simplified data processing on large clusters}},
    year = {2008},
    journal = {Commun. {\{}ACM{\}}},
    author = {Dean, Jeffrey and Ghemawat, Sanjay},
    number = {1},
    pages = {107--113},
    volume = {51}
}

@article{tresp2009materializing,
    title = {{Materializing and querying learned knowledge}},
    year = {2009},
    journal = {Proc. of IRMLeS},
    author = {Tresp, Volker and Huang, Yi and Bundschus, Markus and Rettinger, Achim},
    volume = {2009},
    publisher = {Citeseer}
}

@article{fernandez1997methontology,
    title = {{Methontology: from ontological art towards ontological engineering}},
    year = {1997},
    author = {Fern{\'{a}}ndez-L{\'{o}}pez, Mariano and G{\'{o}}mez-P{\'{e}}rez, Asunción and Juristo, Natalia},
    publisher = {American Association for Artificial Intelligence}
}

@article{ratti2006mobile,
    title = {{Mobile landscapes: using location data from cell phones for urban analysis}},
    year = {2006},
    journal = {Environment and Planning B: Planning and Design},
    author = {Ratti, Carlo and Frenchman, Dennis and Pulselli, Riccardo Maria and Williams, Sarah},
    number = {5},
    pages = {727--748},
    volume = {33},
    publisher = {SAGE Publications Sage UK: London, England}
}

@inproceedings{quercia2011mobile,
    title = {{Mobile phones and outdoor advertising: measurable advertising}},
    year = {2011},
    author = {Quercia, Daniele and Di Lorenzo, Giusy and Calabrese, Francesco and Ratti, Carlo},
    organization = {Institute of Electrical and Electronics Engineers}
}

@inproceedings{babcock2002models,
    title = {{Models and Issues in Data Stream Systems}},
    year = {2002},
    booktitle = {PODS},
    author = {Babcock, Brian and Babu, Shivnath and Datar, Mayur and Motwani, Rajeev and Widom, Jennifer},
    pages = {1--16},
    publisher = {ACM}
}

@article{BalduiniJBD2018,
    title = {{Models and Practices in Urban Data Science at Scale}},
    year = {2018},
    journal = {Big Data Research},
    author = {Balduini, Marco and Brambilla, Marco and Valle, Emanuele Della and Marazzi, Christian and Arabghalizi, Tahereh and Rahdari, Behnam and Vescovi, Michele},
    url = {http://www.sciencedirect.com/science/article/pii/S2214579617302162},
    doi = {https://doi.org/10.1016/j.bdr.2018.04.003},
    issn = {2214-5796},
    keywords = {Behavioural Analytics, Big Data, Smart City, Social Media, Urban Computing, Urban Sensing}
}

@inproceedings{huang2009multivariate,
    title = {{Multivariate prediction for learning in relational graphs}},
    year = {2009},
    booktitle = {NIPS 2009 Workshop: Analyzing Networks and Learning With Graphs},
    author = {Huang, Yi and Tresp, Volker and Kriegel, Hans-Peter},
    pages = {1--8}
}

@inproceedings{huang2010multivariate,
    title = {{Multivariate prediction for learning on the semantic web}},
    year = {2010},
    booktitle = {International Conference on Inductive Logic Programming},
    author = {Huang, Yi and Tresp, Volker and Bundschus, Markus and Rettinger, Achim and Kriegel, Hans-Peter},
    pages = {92--104},
    organization = {Springer}
}

@phdthesis{DBLP:phd/dnb/Suarez-Figueroa12,
    title = {{NeOn methodology for building ontology networks: specification, scheduling and reuse}},
    year = {2012},
    author = {Su{\'{a}}rez-Figueroa, Mari Carmen},
    school = {Technical University of Madrid}
}

@incollection{quaggiotto2010new,
    title = {{New maps from the media-city. CityMurmur as a tool for the visualization of urban space}},
    year = {2010},
    booktitle = {Nouvelles cartographies, nouvelles villes. HyperUrbain.2},
    author = {Quaggiotto, Marco and Ricci, Donato and Scagnetti, Gaia and Caviglia, Giorgio and Guido, Daniele and Graffieti, Michele and Granados Lopez, Samuel},
    publisher = {Europia Production}
}

@article{yitzhaki1983extension,
    title = {{On an extension of the Gini inequality index}},
    year = {1983},
    journal = {International economic review},
    author = {Yitzhaki, Shlomo},
    pages = {617--628},
    publisher = {JSTOR}
}

@inproceedings{DBLP:conf/semweb/DellAglioCBCV13,
    title = {{On Correctness in {\{}RDF{\}} Stream Processor Benchmarking}},
    year = {2013},
    booktitle = {International Semantic Web Conference {\{}(2){\}}},
    author = {Dell'Aglio, Daniele and Calbimonte, Jean-Paul and Balduini, Marco and Corcho, Óscar and Valle, Emanuele Della},
    pages = {326--342},
    series = {Lecture Notes in Computer Science},
    volume = {8219},
    publisher = {Springer}
}

@inproceedings{BalduiniISWC2018DC,
    title = {{On the continuous and reactive analysis of a variety of Spatio-Temporal Data}},
    author = {Balduini, Marco}
}

@article{DBLP:journals/semweb/CalvaneseCKKLRR17,
    title = {{Ontop: Answering {\{}SPARQL{\}} queries over relational databases}},
    year = {2017},
    journal = {Semantic Web},
    author = {Calvanese, Diego and Cogrel, Benjamin and Komla-Ebri, Sarah and Kontchakov, Roman and Lanti, Davide and Rezk, Martin and Rodriguez-Muro, Mariano and Xiao, Guohui},
    number = {3},
    pages = {471--487},
    volume = {8}
}

@inproceedings{DBLP:conf/cikm/RenP11,
    title = {{Optimising ontology stream reasoning with truth maintenance system}},
    year = {2011},
    booktitle = {CIKM},
    author = {Ren, Yuan and Pan, Jeff Z},
    pages = {831--836},
    publisher = {ACM}
}

@inproceedings{aggarwal2015outlier,
    title = {{Outlier analysis}},
    year = {2015},
    booktitle = {Data mining},
    author = {Aggarwal, Charu C},
    pages = {237--263},
    organization = {Springer}
}

@article{DBLP:journals/csur/CugolaM12,
    title = {{Processing flows of information: From data stream to complex event processing}},
    year = {2012},
    journal = {{\{}ACM{\}} Comput. Surv.},
    author = {Cugola, Gianpaolo and Margara, Alessandro},
    number = {3},
    pages = {15:1--15:62},
    volume = {44}
}

@inproceedings{DBLP:conf/aaai/LengH16,
    title = {{Qualitative Spatio-Temporal Stream Reasoning with Unobservable Intertemporal Spatial Relations Using Landmarks}},
    year = {2016},
    booktitle = {AAAI},
    author = {de Leng, Daniel and Heintz, Fredrik},
    pages = {957--963},
    publisher = {{\{}AAAI{\}} Press}
}

@article{botta2015quantifying,
    title = {{Quantifying crowd size with mobile phone and Twitter data}},
    year = {2015},
    journal = {Royal Society open science},
    author = {Botta, Federico and Moat, Helen Susannah and Preis, Tobias},
    number = {5},
    pages = {150162},
    volume = {2},
    publisher = {The Royal Society}
}

@article{bokanyi2015race,
    title = {{Race, religion and the city: twitter word frequency patterns reveal dominant demographic dimensions in the United States}},
    year = {2015},
    author = {Bok{\'{a}}nyi, Eszter and Kondor, Dániel and Dobos, László and Seb{\textbackslash}Hok, Tamás and St{\'{e}}ger, József and Csabai, István and Vattay, Gábor}
}

@article{cyganiak2014rdf,
    title = {{RDF 1.1 concepts and abstract syntax}},
    year = {2014},
    journal = {W3C recommendation},
    author = {Cyganiak, Richard and Wood, David and Lanthaler, Markus and Klyne, Graham and Carroll, Jeremy J and McBride, Brian},
    number = {02},
    volume = {25}
}

@inproceedings{DBLP:conf/semweb/NenovPMHWB15,
    title = {{RDFox: {\{}A{\}} Highly-Scalable {\{}RDF{\}} Store}},
    year = {2015},
    booktitle = {International Semantic Web Conference {\{}(2){\}}},
    author = {Nenov, Yavor and Piro, Robert and Motik, Boris and Horrocks, Ian and Wu, Zhe and Banerjee, Jay},
    pages = {3--20},
    series = {Lecture Notes in Computer Science},
    volume = {9367},
    publisher = {Springer}
}

@inproceedings{berry1989real,
    title = {{Real Time Programming: Special Purpose or General Purpose Languages}},
    year = {1989},
    booktitle = {{\{}IFIP{\}} Congress},
    author = {Berry, Gérard},
    pages = {11--17}
}

@article{calabrese2011real,
    title = {{Real-Time Urban Monitoring Using Cell Phones: {\{}A{\}} Case Study in Rome}},
    year = {2011},
    journal = {{\{}IEEE{\}} Trans. Intelligent Transportation Systems},
    author = {Calabrese, Francesco and Colonna, Massimo and Lovisolo, Piero and Parata, Dario and Ratti, Carlo},
    number = {1},
    pages = {141--151},
    volume = {12}
}

@article{DBLP:journals/semweb/BalduiniCDVHLKT14,
    title = {{Reality mining on micropost streams - Deductive and inductive reasoning for personalized and location-based recommendations}},
    year = {2014},
    journal = {Semantic Web},
    author = {Balduini, Marco and Celino, Irene and Dell'Aglio, Daniele and Valle, Emanuele Della and Huang, Yi and Lee, Tony Kyung-il and Kim, Seon-Ho and Tresp, Volker},
    number = {5},
    pages = {341--356},
    volume = {5}
}

@article{eagle2006reality,
    title = {{Reality mining: sensing complex social systems}},
    year = {2006},
    journal = {Personal and Ubiquitous Computing},
    author = {Eagle, Nathan and Pentland, Alex},
    number = {4},
    pages = {255--268},
    volume = {10}
}

@inproceedings{quercia2010recommending,
    title = {{Recommending social events from mobile phone location data}},
    year = {2010},
    booktitle = {Data Mining (ICDM), 2010 IEEE 10th International Conference on},
    author = {Quercia, Daniele and Lathia, Neal and Calabrese, Francesco and Di Lorenzo, Giusy and Crowcroft, Jon},
    pages = {971--976},
    organization = {IEEE}
}

@article{DBLP:journals/internet/BalduiniBVHH14,
    title = {{Recommending Venues Using Continuous Predictive Social Media Analytics}},
    year = {2014},
    journal = {{\{}IEEE{\}} Internet Computing},
    author = {Balduini, Marco and Bozzon, Alessandro and Valle, Emanuele Della and Huang, Yi and Houben, Geert-Jan},
    number = {5},
    pages = {28--35},
    volume = {18}
}

@inproceedings{zaharia2012resilient,
    title = {{Resilient Distributed Datasets: {\{}A{\}} Fault-Tolerant Abstraction for In-Memory Cluster Computing}},
    year = {2012},
    booktitle = {NSDI},
    author = {Zaharia, Matei and Chowdhury, Mosharaf and Das, Tathagata and Dave, Ankur and Ma, Justin and McCauly, Murphy and Franklin, Michael J and Shenker, Scott and Stoica, Ion},
    pages = {15--28},
    publisher = {{\{}USENIX{\}} Association}
}

@inproceedings{mcsherry2015scalability,
    title = {{Scalability! But at what COST?}},
    year = {2015},
    booktitle = {HotOS},
    author = {McSherry, Frank and Isard, Michael and Murray, Derek Gordon},
    publisher = {{\{}USENIX{\}} Association}
}

@article{DBLP:journals/internet/DifallahCM13,
    title = {{Scalable Anomaly Detection for Smart City Infrastructure Networks}},
    year = {2013},
    journal = {{\{}IEEE{\}} Internet Computing},
    author = {Difallah, Djellel Eddine and Cudr{\'{e}}-Mauroux, Philippe and McKenna, Sean A},
    number = {6},
    pages = {39--47},
    volume = {17}
}

@inproceedings{DBLP:conf/www/TsytsarauPD10,
    title = {{Scalable discovery of contradictions on the web}},
    year = {2010},
    booktitle = {WWW},
    author = {Tsytsarau, Mikalai and Palpanas, Themis and Denecke, Kerstin},
    pages = {1195--1196},
    publisher = {ACM}
}

@article{DBLP:journals/internet/ValleCDGST11,
    title = {{Semantic Traffic-Aware Routing Using the LarKC Platform}},
    year = {2011},
    journal = {{\{}IEEE{\}} Internet Computing},
    author = {Valle, Emanuele Della and Celino, Irene and Dell'Aglio, Daniele and Grothmann, Ralph and Steinke, Florian and Tresp, Volker},
    number = {6},
    pages = {15--23},
    volume = {15}
}

@article{DBLP:journals/tods/PerezAG09,
    title = {{Semantics and complexity of {\{}SPARQL{\}}}},
    year = {2009},
    journal = {{\{}ACM{\}} Trans. Database Syst.},
    author = {P{\'{e}}rez, Jorge and Arenas, Marcelo and Guti{\'{e}}rrez, Claudio},
    number = {3},
    pages = {16:1--16:45},
    volume = {34}
}

@article{bertin1983semiology,
    title = {{Semiology of graphics: diagrams, networks, maps}},
    year = {1983},
    author = {Bertin, Jacques},
    publisher = {University of Wisconsin press}
}

@inproceedings{DBLP:conf/semweb/BroekstraKH02,
    title = {{Sesame: {\{}A{\}} Generic Architecture for Storing and Querying {\{}RDF{\}} and {\{}RDF{\}} Schema}},
    year = {2002},
    booktitle = {International Semantic Web Conference},
    author = {Broekstra, Jeen and Kampman, Arjohn and van Harmelen, Frank},
    pages = {54--68},
    series = {Lecture Notes in Computer Science},
    volume = {2342},
    publisher = {Springer}
}

@inproceedings{DBLP:conf/esws/ScharrenbachUMVB13,
    title = {{Seven Commandments for Benchmarking Semantic Flow Processing Systems}},
    year = {2013},
    booktitle = {ESWC},
    author = {Scharrenbach, Thomas and Urbani, Jacopo and Margara, Alessandro and Valle, Emanuele Della and Bernstein, Abraham},
    pages = {305--319},
    series = {Lecture Notes in Computer Science},
    volume = {7882},
    publisher = {Springer}
}

@article{ahmed2016smart,
    title = {{Smart citizen sensing: a proposed computational system with visual sentiment analysis and big data architecture}},
    year = {2016},
    journal = {IJCA},
    author = {Ahmed, Kaoutar Ben and Bouhorma, Mohammed and Ahmed, Mohamed Ben},
    number = {6},
    volume = {152}
}

@article{DBLP:journals/ws/LecueTHTBST14,
    title = {{Smart traffic analytics in the semantic web with {\{}STAR-CITY:{\}} Scenarios, system and lessons learned in Dublin City}},
    year = {2014},
    journal = {J. Web Sem.},
    author = {L{\'{e}}cu{\'{e}}, Freddy and Tallevi-Diotallevi, Simone and Hayes, Jer and Tucker, Robert and Bicer, Veli and Sbodio, Marco Luca and Tommasi, Pierpaolo},
    pages = {26--33},
    volume = {27}
}

@inproceedings{DBLP:conf/semweb/BalduiniVDTPC13,
    title = {{Social Listening of City Scale Events Using the Streaming Linked Data Framework}},
    year = {2013},
    booktitle = {International Semantic Web Conference {\{}(2){\}}},
    author = {Balduini, Marco and Valle, Emanuele Della and Dell'Aglio, Daniele and Tsytsarau, Mikalai and Palpanas, Themis and Confalonieri, Cristian},
    pages = {1--16},
    series = {Lecture Notes in Computer Science},
    volume = {8219},
    publisher = {Springer}
}

@article{DBLP:journals/expert/ZengCLL10,
    title = {{Social Media Analytics and Intelligence}},
    year = {2010},
    journal = {{\{}IEEE{\}} Intelligent Systems},
    author = {Zeng, Daniel and Chen, Hsinchun and Lusch, Robert F and Li, Shu-Hsing},
    number = {6},
    pages = {13--16},
    volume = {25}
}

@inproceedings{singh2010social,
    title = {{Social pixels: genesis and evaluation}},
    year = {2010},
    booktitle = {{\{}ACM{\}} Multimedia},
    author = {Singh, Vivek K and Gao, Mingyan and Jain, Ramesh},
    pages = {481--490},
    publisher = {ACM}
}

@article{pentland2007social,
    title = {{Social signal processing [exploratory DSP]}},
    year = {2007},
    journal = {IEEE Signal Processing Magazine},
    author = {Pentland, Alex},
    number = {4},
    pages = {108--111},
    volume = {24},
    publisher = {IEEE}
}

@inproceedings{DBLP:conf/debs/KomazecCF12,
    title = {{Sparkwave: continuous schema-enhanced pattern matching over {\{}RDF{\}} data streams}},
    year = {2012},
    booktitle = {DEBS},
    author = {Komazec, Srdjan and Cerri, Davide and Fensel, Dieter},
    pages = {58--68},
    publisher = {ACM}
}

@article{harris2013sparql,
    title = {{SPARQL 1.1 query language}},
    year = {2013},
    journal = {W3C recommendation},
    author = {Harris, Steve and Seaborne, Andy and Prud'hommeaux, Eric},
    number = {10},
    volume = {21}
}

@misc{w3c_sparql,
    title = {{SPARQL Query Language for RDF}},
    author = {Prud'hommeaux, Eric and Seaborne, Andy},
    howpublished = {{\textbackslash}url{\{}http://www.w3.org/TR/rdf-sparql-query/{\}}}
}

@inproceedings{BrambillaSpatial2017,
    title = {{Spatial Analysis of Social Media Response to Live Events: The Case of the Milano Fashion Week}},
    year = {2017},
    booktitle = {Proceedings of the 26th International Conference on World Wide Web Companion},
    author = {Brambilla, Marco and Ceri, Stefano and Daniel, Florian and Donetti, Gianmarco},
    pages = {1457--1462},
    series = {WWW '17 Companion},
    publisher = {International World Wide Web Conferences Steering Committee},
    address = {Republic and Canton of Geneva, Switzerland},
    isbn = {978-1-4503-4914-7},
    keywords = {live events, social media analysis}
}

@inproceedings{DBLP:conf/semweb/ZhangDCC12,
    title = {{SRBench: {\{}A{\}} Streaming {\{}RDF/SPARQL{\}} Benchmark}},
    year = {2012},
    booktitle = {International Semantic Web Conference {\{}(1){\}}},
    author = {Zhang, Ying and Pham, Minh-Duc and Corcho, Óscar and Calbimonte, Jean-Paul},
    pages = {641--657},
    series = {Lecture Notes in Computer Science},
    volume = {7649},
    publisher = {Springer}
}

@inproceedings{toshniwal2014storm,
    title = {{Storm@twitter}},
    year = {2014},
    booktitle = {{\{}SIGMOD{\}} Conference},
    author = {Toshniwal, Ankit and Taneja, Siddarth and Shukla, Amit and Ramasamy, Karthikeyan and Patel, Jignesh M and Kulkarni, Sanjeev and Jackson, Jason and Gade, Krishna and Fu, Maosong and Donham, Jake and Bhagat, Nikunj and Mittal, Sailesh and Ryaboy, Dmitriy V},
    pages = {147--156},
    publisher = {ACM}
}

@article{DBLP:journals/semweb/AnicicRFS12,
    title = {{Stream reasoning and complex event processing in {\{}ETALIS{\}}}},
    year = {2012},
    journal = {Semantic Web},
    author = {Anicic, Darko and Rudolph, Sebastian and Fodor, Paul and Stojanovic, Nenad},
    number = {4},
    pages = {397--407},
    volume = {3}
}

@unpublished{dellavalle2017reasoning,
    title = {{Stream reasoning: A survey and outlook}},
    booktitle = {Data Science},
    author = {Dell'Aglio, Daniele and Valle, Emanuele Della and van Harmelen, Frank and Bernstein, Abraham}
}

@inproceedings{DBLP:conf/semweb/RenC17,
    title = {{Strider: {\{}A{\}} Hybrid Adaptive Distributed {\{}RDF{\}} Stream Processing Engine}},
    year = {2017},
    booktitle = {International Semantic Web Conference {\{}(1){\}}},
    author = {Ren, Xiangnan and Cur{\'{e}}, Olivier},
    pages = {559--576},
    series = {Lecture Notes in Computer Science},
    volume = {10587},
    publisher = {Springer}
}

@inproceedings{DBLP:conf/sigmod/ArmbrustDTYZX0S18,
    title = {{Structured Streaming: {\{}A{\}} Declarative {\{}API{\}} for Real-Time Applications in Apache Spark}},
    year = {2018},
    booktitle = {Proceedings of the 2018 International Conference on Management of Data, {\{}SIGMOD{\}} Conference 2018, Houston, TX, USA, June 10-15, 2018},
    author = {Armbrust, Michael and Das, Tathagata and Torres, Joseph and Yavuz, Burak and Zhu, Shixiong and Xin, Reynold and Ghodsi, Ali and Stoica, Ion and Zaharia, Matei},
    editor = {Das, Gautam and Jermaine, Christopher M and Bernstein, Philip A},
    pages = {601--613},
    publisher = {ACM},
    url = {http://doi.acm.org/10.1145/3183713.3190664},
    doi = {10.1145/3183713.3190664}
}

@inproceedings{arnaboldi2016studying,
    title = {{Studying Multicultural Diversity of Cities and Neighborhoods through Social Media Language Detection.}},
    year = {2016},
    booktitle = {CitiLab@ ICWSM},
    author = {Arnaboldi, Michela and Brambilla, Marco and Cassottana, Beatrice and Ciuccarelli, Paolo and Ripamonti, Davide and Vantini, Simone and Volonterio, Riccardo}
}

@inproceedings{DBLP:conf/debs/ValleDM16,
    title = {{Taming velocity and variety simultaneously in big data with stream reasoning: tutorial}},
    year = {2016},
    booktitle = {DEBS},
    author = {Valle, Emanuele Della and Dell'Aglio, Daniele and Margara, Alessandro},
    pages = {394--401},
    publisher = {ACM}
}

@inproceedings{Brambilla2017,
    title = {{Temporal Analysis of Social Media Response to Live Events: The Milano Fashion Week}},
    year = {2017},
    booktitle = {Web Engineering: 17th International Conference, ICWE 2017, Rome, Italy, June 5-8, 2017, Proceedings},
    author = {Brambilla, Marco and Ceri, Stefano and Daniel, Florian and Donetti, Gianmarco},
    editor = {Cabot, Jordi and De Virgilio, Roberto and Torlone, Riccardo},
    pages = {134--150},
    publisher = {Springer International Publishing},
    address = {Cham},
    isbn = {978-3-319-60131-1}
}

@article{DBLP:journals/sigmod/StonebrakerCZ05,
    title = {{The 8 requirements of real-time stream processing}},
    year = {2005},
    journal = {{\{}SIGMOD{\}} Record},
    author = {Stonebraker, Michael and {\c{C}}etintemel, Ugur and Zdonik, Stanley B},
    number = {4},
    pages = {42--47},
    volume = {34}
}

@book{gray1992benchmark,
    title = {{The Benchmark Handbook for Database and Transaction Systems (2nd Edition)}},
    year = {1993},
    editor = {Gray, Jim},
    publisher = {Morgan Kaufmann}
}

@book{jacobs1961death,
    title = {{The death and life of American cities}},
    year = {1961},
    author = {Jacobs, Jane}
}

@inproceedings{de2016death,
    title = {{The death and life of great Italian cities: a mobile phone data perspective}},
    year = {2016},
    booktitle = {Proceedings of the 25th International Conference on World Wide Web},
    author = {De Nadai, Marco and Staiano, Jacopo and Larcher, Roberto and Sebe, Nicu and Quercia, Daniele and Lepri, Bruno},
    pages = {413--423},
    organization = {International World Wide Web Conferences Steering Committee}
}

@misc{RaimondAbdallahEventOntology2007,
    title = {{The Event Ontology}},
    year = {2007},
    author = {Raimond, Yves and Abdallah, Samer},
    keywords = {event-centric eventmodelf management media phd sem}
}

@inproceedings{calabrese2010geography,
    title = {{The geography of taste: Analyzing cell-phone mobility and social events.}},
    year = {2010},
    booktitle = {Pervasive},
    author = {Calabrese, Francesco and Pereira, Francisco C and Di Lorenzo, Giusy and Liang, Liu and Ratti, Carlo},
    pages = {22--37},
    volume = {10},
    organization = {Springer}
}

@article{wesolowski2013impact,
    title = {{The impact of biases in mobile phone ownership on estimates of human mobility}},
    year = {2013},
    journal = {Journal of the Royal Society Interface},
    author = {Wesolowski, Amy and Eagle, Nathan and Noor, Abdisalan M and Snow, Robert W and Buckee, Caroline O},
    number = {81},
    pages = {20120986},
    volume = {10},
    publisher = {The Royal Society}
}

@article{leimgruber2013management,
    title = {{The management of multilingualism in a city-state}},
    year = {2013},
    journal = {Multilingualism and language diversity in urban areas: Acquisition, identities, space, education},
    author = {Leimgruber, Jakob R E},
    pages = {227},
    volume = {1},
    publisher = {John Benjamins Publishing}
}

@book{garcia2001multilingual,
    title = {{The multilingual apple: languages in New York City}},
    year = {2001},
    author = {Garc{\textbackslash}'{\textbackslash}ia, Ofelia and Fishman, Joshua A},
    publisher = {Walter de Gruyter}
}

@article{kitchin2014real,
    title = {{The real-time city? Big data and smart urbanism}},
    year = {2014},
    journal = {GeoJournal},
    author = {Kitchin, Rob},
    number = {1},
    pages = {1--14},
    volume = {79},
    publisher = {Springer}
}

@article{DBLP:journals/ws/ComptonBBGCCGHHHHJKPLLNNPPST12,
    title = {{The SSN ontology of the W3C semantic sensor network incubator group}},
    year = {2012},
    journal = {J. Web Sem.},
    author = {Compton, Michael and Barnaghi, Payam M and Bermudez, Luis and Garcia-Castro, Raul and Corcho, Óscar and Cox, Simon and Graybeal, John and Hauswirth, Manfred and Henson, Cory A and Herzog, Arthur and Huang, Vincent A and Janowicz, Krzysztof and Kelsey, W David and Le Phuoc, Danh and Lefort, Laurent and Leggieri, Myriam and Neuhaus, Holger and Nikolov, Andriy and Page, Kevin R and Passant, Alexandre and Sheth, Amit P and Taylor, Kerry},
    pages = {25--32},
    volume = {17}
}

@article{arasu2006cql,
    title = {{The {\{}CQL{\}} continuous query language: semantic foundations and query execution}},
    year = {2006},
    journal = {{\{}VLDB{\}} J.},
    author = {Arasu, Arvind and Babu, Shivnath and Widom, Jennifer},
    number = {2},
    pages = {121--142},
    volume = {15}
}

@inproceedings{lee2016not,
    title = {{This Is Not Just a Caf{\'{e}}: Toward Capturing the Dynamics of Urban Places.}},
    year = {2016},
    booktitle = {CitiLab@ ICWSM},
    author = {Lee, Myeong and Farzan, Rosta and Butler, Brian S}
}

@misc{Hobbs2006,
    title = {{Time Ontology in OWL}},
    year = {2006},
    author = {Hobbs, Jerry R and Pan, Feng},
    month = {9}
}

@article{kalekar2004time,
    title = {{Time series forecasting using holt-winters exponential smoothing}},
    year = {2004},
    journal = {Kanwal Rekhi School of Information Technology},
    author = {Kalekar, Prajakta S},
    pages = {1--13},
    volume = {4329008}
}

@article{DBLP:journals/ijmms/Gruber95,
    title = {{Toward principles for the design of ontologies used for knowledge sharing?}},
    year = {1995},
    journal = {Int. J. Hum.-Comput. Stud.},
    author = {Gruber, Thomas R},
    number = {5-6},
    pages = {907--928},
    volume = {43},
    url = {https://doi.org/10.1006/ijhc.1995.1081},
    doi = {10.1006/ijhc.1995.1081}
}

@article{gruber1995toward,
    title = {{Toward principles for the design of ontologies used for knowledge sharing?}},
    year = {1995},
    journal = {Int. J. Hum.-Comput. Stud.},
    author = {Gruber, Thomas R},
    number = {5-6},
    pages = {907--928},
    volume = {43}
}

@inproceedings{DBLP:conf/semco/FenselHABCVFHKLSTWWZ08,
    title = {{Towards LarKC: {\{}A{\}} Platform for Web-Scale Reasoning}},
    year = {2008},
    booktitle = {ICSC},
    author = {Fensel, Dieter and van Harmelen, Frank and Andersson, Bo and Brennan, Paul and Cunningham, Hamish and Valle, Emanuele Della and Fischer, Florian and Huang, Zhisheng and Kiryakov, Atanas and Lee, Tony Kyung-il and Schooler, Lael and Tresp, Volker and Wesner, Stefan and Witbrock, Michael J and Zhong, Ning},
    pages = {524--529},
    publisher = {{\{}IEEE{\}} Computer Society}
}

@inproceedings{DBLP:conf/semweb/0001CDB0VA16,
    title = {{TripleWave: Spreading {\{}RDF{\}} Streams on the Web}},
    year = {2016},
    booktitle = {ISWC {\{}(2){\}}},
    author = {Mauri, Andrea and Calbimonte, Jean-Paul and Dell'Aglio, Daniele and Balduini, Marco and Brambilla, Marco and Della Valle, Emanuele and Aberer, Karl},
    pages = {140--149},
    series = {LNCS},
    volume = {9982}
}

@article{candia2008uncovering,
    title = {{Uncovering individual and collective human dynamics from mobile phone records}},
    year = {2008},
    journal = {Journal of physics A: mathematical and theoretical},
    author = {Candia, Julián and Gonz{\'{a}}lez, Marta C and Wang, Pu and Schoenharl, Timothy and Madey, Greg and Barab{\'{a}}si, Albert-László},
    number = {22},
    pages = {224015},
    volume = {41},
    publisher = {IOP Publishing}
}

@article{gonzalez2008understanding,
    title = {{Understanding individual human mobility patterns}},
    year = {2008},
    journal = {arXiv preprint arXiv:0806.1256},
    author = {Gonzalez, Marta C and Hidalgo, Cesar A and Barabasi, A-L}
}

@article{krings2009urban,
    title = {{Urban gravity: a model for inter-city telecommunication flows}},
    year = {2009},
    journal = {Journal of Statistical Mechanics: Theory and Experiment},
    author = {Krings, Gautier and Calabrese, Francesco and Ratti, Carlo and Blondel, Vincent D},
    number = {07},
    pages = {L07003},
    volume = {2009},
    publisher = {IOP Publishing}
}

@book{extra2004urban,
    title = {{Urban multilingualism in Europe: Immigrant minority languages at home and school}},
    year = {2004},
    author = {Extra, Guus and Yaǧmur, Kutlay},
    volume = {130},
    publisher = {Multilingual matters}
}

@article{DBLP:journals/csur/CalabreseFB14,
    title = {{Urban Sensing Using Mobile Phone Network Data: {\{}A{\}} Survey of Research}},
    year = {2014},
    journal = {{\{}ACM{\}} Comput. Surv.},
    author = {Calabrese, Francesco and Ferrari, Laura and Blondel, Vincent D},
    number = {2},
    pages = {25:1--25:20},
    volume = {47}
}

@article{habitat2016urbanization,
    title = {{Urbanization and development: emerging futures; world cities report 2016}},
    year = {2016},
    journal = {Nairobi, UN Habitat},
    author = {Habitat, U N}
}

@inproceedings{DBLP:conf/icwe/KolchinWKT16,
    title = {{YABench: {\{}A{\}} Comprehensive Framework for {\{}RDF{\}} Stream Processor Correctness and Performance Assessment}},
    year = {2016},
    booktitle = {ICWE},
    author = {Kolchin, Maxim and Wetz, Peter and Kiesling, Elmar and Tjoa, A Min},
    pages = {280--298},
    series = {Lecture Notes in Computer Science},
    volume = {9671},
    publisher = {Springer}
}

@inproceedings{DBLP:conf/usenix/HuntKJR10,
    title = {{ZooKeeper: Wait-free Coordination for Internet-scale Systems}},
    year = {2010},
    booktitle = {{\{}USENIX{\}} Annual Technical Conference},
    author = {Hunt, Patrick and Konar, Mahadev and Junqueira, Flavio Paiva and Reed, Benjamin},
    publisher = {{\{}USENIX{\}} Association}
}

@article{DBLP:journals/ws/BalduiniCDVHLKT12,
    title = {{{\{}BOTTARI:{\}} An augmented reality mobile application to deliver personalized and location-based recommendations by continuous analysis of social media streams}},
    year = {2012},
    journal = {J. Web Sem.},
    author = {Balduini, Marco and Celino, Irene and Dell'Aglio, Daniele and Della Valle, Emanuele and Huang, Yi and Lee, Tony Kyung-il and Kim, Seon-Ho and Tresp, Volker},
    pages = {33--41},
    volume = {16}
}

@article{DBLP:journals/ijsc/BarbieriBCVG10,
    title = {{{\{}C-SPARQL:{\}} a Continuous Query Language for {\{}RDF{\}} Data Streams}},
    year = {2010},
    journal = {Int. J. Semantic Computing},
    author = {Barbieri, Davide Francesco and Braga, Daniele and Ceri, Stefano and Valle, Emanuele Della and Grossniklaus, Michael},
    number = {1},
    pages = {3--25},
    volume = {4}
}

@inproceedings{Anicic2011,
    title = {{{\{}EP-SPARQL{\}}: a unified language for event processing and stream reasoning}},
    year = {2011},
    author = {Anicic, D and Fodor, P and Rudolph, S and Stojanovic, N},
    pages = {635--644}
}

@inproceedings{DBLP:conf/semweb/RinneNT12,
    title = {{{\{}INSTANS:{\}} High-Performance Event Processing with Standard {\{}RDF{\}} and {\{}SPARQL{\}}}},
    year = {2012},
    booktitle = {International Semantic Web Conference (Posters {\&} Demos)},
    author = {Rinne, Mikko and Nuutila, Esko and T{\"{o}}rm{\"{a}}, Seppo},
    series = {{\{}CEUR{\}} Workshop Proceedings},
    volume = {914},
    publisher = {CEUR-WS.org}
}

@techreport{w3c-prov-o,
    title = {{{\{}PROV-O{\}}: The {\{}PROV Ontology{\}}}},
    year = {2012},
    author = {Belhajjame, Khalid and Cheney, James and Corsar, David and Garijo, Daniel and Soiland-Reyes, Stian and Zednik, Stephan and Zhao, Jun},
    editor = {Lebo, Timothy and Sahoo, Satya and McGuinness, Deborah},
    institution = {W3C},
    keywords = {ontology, owl, prov-o, provenance, provo rdf, w3c}
}

@article{DBLP:journals/ijswis/DellAglioVCC14,
    title = {{{\{}RSP-QL{\}} Semantics: {\{}A{\}} Unifying Query Model to Explain Heterogeneity of {\{}RDF{\}} Stream Processing Systems}},
    year = {2014},
    journal = {Int. J. Semantic Web Inf. Syst.},
    author = {Dell'Aglio, Daniele and Valle, Emanuele Della and Calbimonte, Jean-Paul and Corcho, Óscar},
    number = {4},
    pages = {17--44},
    volume = {10}
}

@article{DBLP:journals/pvldb/BotanDDHMT10,
    title = {{{\{}SECRET:{\}} {\{}A{\}} Model for Analysis of the Execution Semantics of Stream Processing Systems}},
    year = {2010},
    journal = {PVLDB},
    author = {Botan, Irina and Derakhshan, Roozbeh and Dindar, Nihal and Haas, Laura M and Miller, Renée J and Tatbul, Nesime},
    number = {1},
    pages = {232--243},
    volume = {3}
}

@article{DBLP:journals/ijwbc/BreslinDHB06,
    title = {{{\{}SIOC:{\}} an approach to connect web-based communities}},
    year = {2006},
    journal = {IJWBC},
    author = {Breslin, John G and Decker, Stefan and Harth, Andreas and Bojars, Uldis},
    number = {2},
    pages = {133--142},
    volume = {2}
}

@inproceedings{DBLP:conf/esws/BalduiniV017,
    title = {{{\{}SLD{\}} Revolution: {\{}A{\}} Cheaper, Faster yet more Accurate Streaming Linked Data Framework}},
    year = {2017},
    booktitle = {RSP+QuWeDa@ESWC},
    author = {Balduini, Marco and Della Valle, Emanuele and Tommasini, Riccardo},
    pages = {1--15},
    series = {{\{}CEUR{\}} Workshop Proceedings},
    volume = {1870},
    publisher = {CEUR-WS.org}
}

@inproceedings{DBLP:conf/esws/BalduiniV017a,
    title = {{{\{}SLD{\}} Revolution: {\{}A{\}} Cheaper, Faster yet More Accurate Streaming Linked Data Framework}},
    year = {2017},
    booktitle = {{\{}ESWC{\}} (Satellite Events)},
    author = {Balduini, Marco and Della Valle, Emanuele and Tommasini, Riccardo},
    pages = {263--279},
    series = {LNCS},
    volume = {10577},
    publisher = {Springer}
}

@article{Calbimonte2012EnablingWeb,
    title = {{Enabling Query Technologies for the Semantic Sensor Web}},
    year = {2012},
    journal = {International Journal on Semantic Web and Information Systems},
    author = {Calbimonte, Jean-Paul and Jeung, Hoyoung and Corcho, Oscar and Aberer, Karl},
    doi = {10.4018/jswis.2012010103},
    issn = {1552-6283}
}