MY PAPER CREATED DURING PhD

C8
@inproceedings{DBLP:conf/avi/AntonelliABCVL14,
  author    = {Fabrizio Antonelli and
               Matteo Azzi and
               Marco Balduini and
               Paolo Ciuccarelli and
               Emanuele {Della Valle} and
               Roberto Larcher},
  title     = {City sensing: visualising mobile and social data about a city scale
               event},
  booktitle = {{AVI}},
  pages     = {337--338},
  publisher = {{ACM}},
  year      = {2014}
}

C9
@inproceedings{DBLP:conf/semweb/BalduiniV15,
  author    = {Marco Balduini and
               Emanuele {Della Valle}},
  title     = {FraPPE: {A} Vocabulary to Represent Heterogeneous Spatio-temporal
               Data to Support Visual Analytics},
  booktitle = {ISWC {(2)}},
  series    = {LNCS},
  volume    = {9367},
  pages     = {321--328},
  publisher = {Springer},
  year      = {2015}
}

C12
@inproceedings{DBLP:conf/bis/ValleB15,
  author    = {Emanuele {Della Valle} and
               Marco Balduini},
  title     = {Listening to and Visualising the Pulse of Our Cities Using Social
               Media and Call Data Records},
  booktitle = {{BIS} (Workshops)},
  series    = {LNBIP},
  volume    = {228},
  pages     = {3--14},
  publisher = {Springer},
  year      = {2015}
}

C13
@inproceedings{DBLP:conf/semweb/0001CDB0VA16,
  author    = {Andrea Mauri and
               Jean{-}Paul Calbimonte and
               Daniele Dell'Aglio and
               Marco Balduini and
               Marco Brambilla and
               Emanuele {Della Valle} and
               Karl Aberer},
  title     = {TripleWave: Spreading {RDF} Streams on the Web},
  booktitle = {ISWC {(2)}},
  series    = {LNCS},
  volume    = {9982},
  pages     = {140--149},
  year      = {2016}
}

C15
@inproceedings{DBLP:conf/esws/BalduiniV017a,
  author    = {Marco Balduini and
               Emanuele {Della Valle} and
               Riccardo Tommasini},
  title     = {{SLD} Revolution: {A} Cheaper, Faster yet More Accurate Streaming
               Linked Data Framework},
  booktitle = {{ESWC} (Satellite Events)},
  series    = {LNCS},
  volume    = {10577},
  pages     = {263--279},
  publisher = {Springer},
  year      = {2017}
}

C17
@inproceedings{DBLP:conf/esws/BalduiniV017,
  author    = {Marco Balduini and
               Emanuele {Della Valle} and
               Riccardo Tommasini},
  title     = {{SLD} Revolution: {A} Cheaper, Faster yet more Accurate Streaming
               Linked Data Framework},
  booktitle = {RSP+QuWeDa@ESWC},
  series    = {{CEUR} Workshop Proceedings},
  volume    = {1870},
  pages     = {1--15},
  publisher = {CEUR-WS.org},
  year      = {2017}
}

J4
@article{DBLP:journals/ieeemm/BalduiniVALAC15,
  author    = {Marco Balduini and
               Emanuele {Della Valle} and
               Matteo Azzi and
               Roberto Larcher and
               Fabrizio Antonelli and
               Paolo Ciuccarelli},
  title     = {CitySensing: Fusing City Data for Visual Storytelling},
  journal   = {{IEEE} MultiMedia},
  volume    = {22},
  number    = {3},
  pages     = {44--53},
  year      = {2015}
}

DEBS
@inproceedings{DBLP:conf/debs/BalduiniPV18,
  author    = {Marco Balduini and
               Sivam Pasupathipillai and
               Emanuele Della Valle},
  title     = {Cost-Aware Streaming Data Analysis: Distributed vs Single-Thread},
  booktitle = {{DEBS}},
  pages     = {160--170},
  publisher = {{ACM}},
  year      = {2018}
}

JBD
@article{BalduiniJBD2018,
title = "Models and Practices in Urban Data Science at Scale",
journal = "Big Data Research",
year = "2018",
issn = "2214-5796",
doi = "https://doi.org/10.1016/j.bdr.2018.04.003",
url = "http://www.sciencedirect.com/science/article/pii/S2214579617302162",
author = "Marco Balduini and Marco Brambilla and Emanuele Della Valle and Christian Marazzi and Tahereh Arabghalizi and Behnam Rahdari and Michele Vescovi",
keywords = "Smart City, Big Data, Social Media, Urban Computing, Urban Sensing, Behavioural Analytics"
}

DC
@inproceedings{BalduiniISWC2018DC,
  author    = {Marco Balduini},
  title     = {On the continuous and reactive analysis of a variety of Spatio-Temporal Data},
  note      = {Submitted to ISWC 2018 DC}
}

---------------------------------------------------------
RELATED WORK

OBDI
@inproceedings{LenzeriniOBDI,
  author    = {Maurizio Lenzerini},
  title     = {Data Integration: {A} Theoretical Perspective},
  booktitle = {{PODS}},
  pages     = {233--246},
  publisher = {{ACM}},
  year      = {2002}
}

OBDA
@article{DBLP:journals/jods/PoggiLCGLR08,
  author    = {Antonella Poggi and
               Domenico Lembo and
               Diego Calvanese and
               Giuseppe {De Giacomo} and
               Maurizio Lenzerini and
               Riccardo Rosati},
  title     = {Linking Data to Ontologies},
  journal   = {J. Data Semantics},
  volume    = {10},
  pages     = {133--173},
  year      = {2008}
}

URBAN DATA
- Context

@article{kitchin2014real,
  title={The real-time city? Big data and smart urbanism},
  author={Kitchin, Rob},
  journal={GeoJournal},
  volume={79},
  number={1},
  pages={1--14},
  year={2014},
  publisher={Springer}
}

- Urban Data
@article{becker2011tale,
  author    = {Richard A. Becker and
               Ram{\'{o}}n C{\'{a}}ceres and
               Karrie Hanson and
               Ji Meng Loh and
               Simon Urbanek and
               Alexander Varshavsky and
               Chris Volinsky},
  title     = {A Tale of One City: Using Cellular Network Data for Urban Planning},
  journal   = {{IEEE} Pervasive Computing},
  volume    = {10},
  number    = {4},
  pages     = {18--26},
  year      = {2011}
}

@article{calabrese2011real,
  author    = {Francesco Calabrese and
               Massimo Colonna and
               Piero Lovisolo and
               Dario Parata and
               Carlo Ratti},
  title     = {Real-Time Urban Monitoring Using Cell Phones: {A} Case Study in Rome},
  journal   = {{IEEE} Trans. Intelligent Transportation Systems},
  volume    = {12},
  number    = {1},
  pages     = {141--151},
  year      = {2011}
}

@article{DBLP:journals/csur/CalabreseFB14,
  author    = {Francesco Calabrese and
               Laura Ferrari and
               Vincent D. Blondel},
  title     = {Urban Sensing Using Mobile Phone Network Data: {A} Survey of Research},
  journal   = {{ACM} Comput. Surv.},
  volume    = {47},
  number    = {2},
  pages     = {25:1--25:20},
  year      = {2014}
}

@article{mcardleanalyzing,
  title={Analyzing Social Events in Real-Time using Big Mobile Data},
  author={McArdle, Gavin and Di Lorenzo, Giusy and Pinelli, Fabio and Calabrese, Francesco and Van Lierde, Erik},
  journal={IEEE COMSOC MMTC E-Letter},
  year = {2015},
}

@MISC{caceres2012exploring,
    author = {Ram{\'o}n C{\'a}ceres and James Rowl and Christopher Small and Simon Urbanek},
    title = {Exploring the Use of Urban Greenspace through Cellular Network Activity},
    year = {2012}
}

@inproceedings{de2016death,
  title={The death and life of great Italian cities: a mobile phone data perspective},
  author={De Nadai, Marco and Staiano, Jacopo and Larcher, Roberto and Sebe, Nicu and Quercia, Daniele and Lepri, Bruno},
  booktitle={Proceedings of the 25th International Conference on World Wide Web},
  pages={413--423},
  year={2016},
  organization={International World Wide Web Conferences Steering Committee}
}

@article{ahmed2016smart,
  title={Smart citizen sensing: a proposed computational system with visual sentiment analysis and big data architecture},
  author={Kaoutar Ben Ahmed and
          Mohammed Bouhorma and 
          Mohamed Ben Ahmed},
  journal={IJCA},
  volume={152},
  number={6},
  year={2016}
}

@inproceedings{psyllidis2015platform,
  title={A platform for urban analytics and semantic data integration in city planning},
  author={Achilleas Psyllidis and 
          Alessandro Bozzon and 
          Stefano Bocconi and 
          Christiaan Titos Bolivar},
  booktitle={CAAD Futures},
  pages={21--36},
  year={2015},
  organization={Springer}
}

@article{eagle2006reality,
  author    = {Nathan Eagle and
               Alex Pentland},
  title     = {Reality mining: sensing complex social systems},
  journal   = {Personal and Ubiquitous Computing},
  volume    = {10},
  number    = {4},
  pages     = {255--268},
  year      = {2006}
}

@article{DBLP:journals/ws/BalduiniCDVHLKT12,
  author    = {Marco Balduini and
               Irene Celino and
               Daniele Dell'Aglio and
               Emanuele {Della Valle} and
               Yi Huang and
               Tony Kyung{-}il Lee and
               Seon{-}Ho Kim and
               Volker Tresp},
  title     = {{BOTTARI:} An augmented reality mobile application to deliver personalized
               and location-based recommendations by continuous analysis of social
               media streams},
  journal   = {J. Web Sem.},
  volume    = {16},
  pages     = {33--41},
  year      = {2012}
}

@article{wesolowski2013impact,
  title={The impact of biases in mobile phone ownership on estimates of human mobility},
  author={Wesolowski, Amy and Eagle, Nathan and Noor, Abdisalan M and Snow, Robert W and Buckee, Caroline O},
  journal={Journal of the Royal Society Interface},
  volume={10},
  number={81},
  pages={20120986},
  year={2013},
  publisher={The Royal Society}
}

@article{gonzalez2008understanding,
  title={Understanding individual human mobility patterns},
  author={Gonzalez, Marta C and Hidalgo, Cesar A and Barabasi, A-L},
  journal={arXiv preprint arXiv:0806.1256},
  year={2008}
}

@article{candia2008uncovering,
  title={Uncovering individual and collective human dynamics from mobile phone records},
  author={Candia, Juli{\'a}n and Gonz{\'a}lez, Marta C and Wang, Pu and Schoenharl, Timothy and Madey, Greg and Barab{\'a}si, Albert-L{\'a}szl{\'o}},
  journal={Journal of physics A: mathematical and theoretical},
  volume={41},
  number={22},
  pages={224015},
  year={2008},
  publisher={IOP Publishing}
}

@article{krings2009urban,
  title={Urban gravity: a model for inter-city telecommunication flows},
  author={Krings, Gautier and Calabrese, Francesco and Ratti, Carlo and Blondel, Vincent D},
  journal={Journal of Statistical Mechanics: Theory and Experiment},
  volume={2009},
  number={07},
  pages={L07003},
  year={2009},
  publisher={IOP Publishing}
}

@inproceedings{calabrese2010geography,
  title={The geography of taste: Analyzing cell-phone mobility and social events.},
  author={Calabrese, Francesco and Pereira, Francisco C and Di Lorenzo, Giusy and Liang, Liu and Ratti, Carlo},
  booktitle={Pervasive},
  volume={10},
  pages={22--37},
  year={2010},
  organization={Springer}
}

@inproceedings{quercia2010recommending,
  title={Recommending social events from mobile phone location data},
  author={Quercia, Daniele and Lathia, Neal and Calabrese, Francesco and Di Lorenzo, Giusy and Crowcroft, Jon},
  booktitle={Data Mining (ICDM), 2010 IEEE 10th International Conference on},
  pages={971--976},
  year={2010},
  organization={IEEE}
}

@inproceedings{cheliotis2016capturing,
  title={Capturing Real-Time Public Space Activity Using Publicly Available Digital Traces.},
  author={Cheliotis, Kostas},
  booktitle={CitiLab@ ICWSM},
  year={2016}
}

@inproceedings{hristova2016if,
  title={If You've Got the Money, I've Got the Time: Spatio-Temporal Footprints of Spending at Sports Events on Foursquare.},
  author={Hristova, Desislava and Liben-Nowell, David and Noulas, Anastasios and Mascolo, Cecilia},
  booktitle={CitiLab@ ICWSM},
  year={2016}
}

@inproceedings{lee2016not,
  title={This Is Not Just a Caf{\'e}: Toward Capturing the Dynamics of Urban Places.},
  author={Lee, Myeong and Farzan, Rosta and Butler, Brian S},
  booktitle={CitiLab@ ICWSM},
  year={2016}
}

@article{botta2015quantifying,
  title={Quantifying crowd size with mobile phone and Twitter data},
  author={Botta, Federico and Moat, Helen Susannah and Preis, Tobias},
  journal={Royal Society open science},
  volume={2},
  number={5},
  pages={150162},
  year={2015},
  publisher={The Royal Society}
}

STREAM PROCESSING
- Context
@inproceedings{babcock2002models,
  author    = {Brian Babcock and
               Shivnath Babu and
               Mayur Datar and
               Rajeev Motwani and
               Jennifer Widom},
  title     = {Models and Issues in Data Stream Systems},
  booktitle = {{PODS}},
  pages     = {1--16},
  publisher = {{ACM}},
  year      = {2002}
}

@book{garofalakis2016data,
  editor    = {Minos N. Garofalakis and
               Johannes Gehrke and
               Rajeev Rastogi},
  title     = {Data Stream Management - Processing High-Speed Data Streams},
  series    = {Data-Centric Systems and Applications},
  publisher = {Springer},
  year      = {2016}
}

- CQL
@article{arasu2006cql,
  author    = {Arvind Arasu and
               Shivnath Babu and
               Jennifer Widom},
  title     = {The {CQL} continuous query language: semantic foundations and query
               execution},
  journal   = {{VLDB} J.},
  volume    = {15},
  number    = {2},
  pages     = {121--142},
  year      = {2006}
}

RSP
@article{della2009s,
  author    = {Emanuele {Della Valle} and
               Stefano Ceri and
               Frank van Harmelen and
               Dieter Fensel},
  title     = {It's a Streaming World! Reasoning upon Rapidly Changing Information},
  journal   = {{IEEE} Intelligent Systems},
  volume    = {24},
  number    = {6},
  pages     = {83--89},
  year      = {2009}
}

@article{DBLP:journals/ijsc/BarbieriBCVG10,
  author    = {Davide Francesco Barbieri and
               Daniele Braga and
               Stefano Ceri and
               Emanuele Della Valle and
               Michael Grossniklaus},
  title     = {{C-SPARQL:} a Continuous Query Language for {RDF} Data Streams},
  journal   = {Int. J. Semantic Computing},
  volume    = {4},
  number    = {1},
  pages     = {3--25},
  year      = {2010}
}

@unpublished{dellavalle2017reasoning,
  author    = {Daniele Dell'Aglio and
  			   Emanuele Della Valle and
  			   Frank van Harmelen and
  			   Abraham Bernstein},
  title     = {Stream reasoning: A survey and outlook},
  journal   = {Data Science},
  note      = {(in press)}
}

@article{DBLP:journals/ijswis/DellAglioVCC14,
  author    = {Daniele Dell'Aglio and
               Emanuele Della Valle and
               Jean{-}Paul Calbimonte and
               {\'{O}}scar Corcho},
  title     = {{RSP-QL} Semantics: {A} Unifying Query Model to Explain Heterogeneity
               of {RDF} Stream Processing Systems},
  journal   = {Int. J. Semantic Web Inf. Syst.},
  volume    = {10},
  number    = {4},
  pages     = {17--44},
  year      = {2014}
}

@inproceedings{DBLP:conf/semweb/PhuocDPH11,
  author    = {Danh Le Phuoc and
               Minh Dao{-}Tran and
               Josiane Xavier Parreira and
               Manfred Hauswirth},
  title     = {A Native and Adaptive Approach for Unified Processing of Linked Streams
               and Linked Data},
  booktitle = {International Semantic Web Conference {(1)}},
  series    = {Lecture Notes in Computer Science},
  volume    = {7031},
  pages     = {370--388},
  publisher = {Springer},
  year      = {2011}
}

@inproceedings{DBLP:conf/semweb/CalbimonteCG10,
  author    = {Jean{-}Paul Calbimonte and
               {\'{O}}scar Corcho and
               Alasdair J. G. Gray},
  title     = {Enabling Ontology-Based Access to Streaming Data Sources},
  booktitle = {International Semantic Web Conference {(1)}},
  series    = {Lecture Notes in Computer Science},
  volume    = {6496},
  pages     = {96--111},
  publisher = {Springer},
  year      = {2010}
}

@article{DBLP:journals/ws/PhuocNPH12,
  author    = {Danh {Le Phuoc} and
               Hoan Quoc Nguyen-Mau and
               Josiane Xavier Parreira and
               Manfred Hauswirth},
  title     = {A middleware framework for scalable management of linked
               streams},
  journal   = {J. Web Sem.},
  volume    = {16},
  year      = {2012},
  pages     = {42-51},
  ee        = {http://dx.doi.org/10.1016/j.websem.2012.06.003},
  bibsource = {DBLP, http://dblp.uni-trier.de}
}

@inproceedings{DBLP:conf/esws/GrayGKKCPSFGFPCKRMG11,
  author    = {Alasdair J. G. Gray and
               Raul Garcia-Castro and
               Kostis Kyzirakos and
               Manos Karpathiotakis and
               Jean-Paul Calbimonte and
               Kevin R. Page and
               Jason Sadler and
               Alex Frazer and
               Ixent Galpin and
               Alvaro A. A. Fernandes and
               Norman W. Paton and
               {\'O}scar Corcho and
               Manolis Koubarakis and
               David De Roure and
               Kirk Martinez and
               Asunci{\'o}n G{\'o}mez-P{\'e}rez},
  title     = {A Semantically Enabled Service Architecture for Mashups
               over Streaming and Stored Data},
  booktitle = {ESWC (2)},
  year      = {2011},
  pages     = {300-314},
  ee        = {http://dx.doi.org/10.1007/978-3-642-21064-8_21},
  bibsource = {DBLP, http://dblp.uni-trier.de}
}

BIG DATA
@article{dean2008mapreduce,
  author    = {Jeffrey Dean and
               Sanjay Ghemawat},
  title     = {MapReduce: simplified data processing on large clusters},
  journal   = {Commun. {ACM}},
  volume    = {51},
  number    = {1},
  pages     = {107--113},
  year      = {2008}
}

@article{zaharia2016apache,
  author    = {Matei Zaharia and
               Reynold S. Xin and
               Patrick Wendell and
               Tathagata Das and
               Michael Armbrust and
               Ankur Dave and
               Xiangrui Meng and
               Josh Rosen and
               Shivaram Venkataraman and
               Michael J. Franklin and
               Ali Ghodsi and
               Joseph Gonzalez and
               Scott Shenker and
               Ion Stoica},
  title     = {Apache Spark: a unified engine for big data processing},
  journal   = {Commun. {ACM}},
  volume    = {59},
  number    = {11},
  pages     = {56--65},
  year      = {2016}
}
maintained by Schloss Dagstuhl LZI at University of Trier homebrowsesearchabout

@inproceedings{zaharia2012resilient,
  author    = {Matei Zaharia and
               Mosharaf Chowdhury and
               Tathagata Das and
               Ankur Dave and
               Justin Ma and
               Murphy McCauly and
               Michael J. Franklin and
               Scott Shenker and
               Ion Stoica},
  title     = {Resilient Distributed Datasets: {A} Fault-Tolerant Abstraction for
               In-Memory Cluster Computing},
  booktitle = {{NSDI}},
  pages     = {15--28},
  publisher = {{USENIX} Association},
  year      = {2012}
}

@article{zaharia2012discretized,
  author    = {Matei Zaharia and
               Tathagata Das and
               Haoyuan Li and
               Scott Shenker and
               Ion Stoica},
  title     = {Discretized Streams: An Efficient and Fault-Tolerant Model for Stream
               Processing on Large Clusters},
  booktitle = {HotCloud},
  publisher = {{USENIX} Association},
  year      = {2012}
}

@inproceedings{kreps2011kafka,
  author={Jay Kreps and 
        Neha Narkhede and 
          Jun Rao},
  title={Kafka: A distributed messaging system for log processing},
  booktitle={Proceedings of the NetDB},
  pages={1--7},
  year={2011}
}

@article{carbone2015apache,
  author    = {Paris Carbone and
               Asterios Katsifodimos and
               Stephan Ewen and
               Volker Markl and
               Seif Haridi and
               Kostas Tzoumas},
  title     = {Apache Flink{\texttrademark}: Stream and Batch Processing in a Single
               Engine},
  journal   = {{IEEE} Data Eng. Bull.},
  volume    = {38},
  number    = {4},
  pages     = {28--38},
  year      = {2015}
}


@inproceedings{toshniwal2014storm,
  author    = {Ankit Toshniwal and
               Siddarth Taneja and
               Amit Shukla and
               Karthikeyan Ramasamy and
               Jignesh M. Patel and
               Sanjeev Kulkarni and
               Jason Jackson and
               Krishna Gade and
               Maosong Fu and
               Jake Donham and
               Nikunj Bhagat and
               Sailesh Mittal and
               Dmitriy V. Ryaboy},
  title     = {Storm@twitter},
  booktitle = {{SIGMOD} Conference},
  pages     = {147--156},
  publisher = {{ACM}},
  year      = {2014}
}

IMAGE PROCESSING FOR VISUAL ANALYTICS
@inproceedings{singh2010social,
  author    = {Vivek K. Singh and
               Mingyan Gao and
               Ramesh Jain},
  title     = {Social pixels: genesis and evaluation},
  booktitle = {{ACM} Multimedia},
  pages     = {481--490},
  publisher = {{ACM}},
  year      = {2010}
}

BENCHMARKS
- Generic benchmarking
@book{gray1992benchmark,
  editor    = {Jim Gray},
  title     = {The Benchmark Handbook for Database and Transaction Systems (2nd Edition)},
  publisher = {Morgan Kaufmann},
  year      = {1993}
}

- DSMS benchmarking
 @inproceedings{arasu2004linear,
  author    = {Arvind Arasu and
               Mitch Cherniack and
               Eduardo F. Galvez and
               David Maier and
               Anurag Maskey and
               Esther Ryvkina and
               Michael Stonebraker and
               Richard Tibbetts},
  title     = {Linear Road: {A} Stream Data Management Benchmark},
  booktitle = {{VLDB}},
  pages     = {480--491},
  publisher = {Morgan Kaufmann},
  year      = {2004}
}

- Streaming distributed system benchmarking
@inproceedings{chintapalli2016benchmarking,
  author    = {Sanket Chintapalli and
               Derek Dagit and
               Bobby Evans and
               Reza Farivar and
               Thomas Graves and
               Mark Holderbaugh and
               Zhuo Liu and
               Kyle Nusbaum and
               Kishorkumar Patil and
               Boyang Peng and
               Paul Poulosky},
  title     = {Benchmarking Streaming Computation Engines: Storm, Flink and Spark
               Streaming},
  booktitle = {{IPDPS} Workshops},
  pages     = {1789--1792},
  publisher = {{IEEE} Computer Society},
  year      = {2016}
}

@article{karimov2018benchmarking,
  author    = {Jeyhun Karimov and
               Tilmann Rabl and
               Asterios Katsifodimos and
               Roman Samarev and
               Henri Heiskanen and
               Volker Markl},
  title     = {Benchmarking Distributed Stream Processing Engines},
  journal   = {CoRR},
  volume    = {abs/1802.08496},
  year      = {2018}
}

  title={Benchmarking Distributed Stream Processing Engines},
  author={Karimov, Jeyhun and Rabl, Tilmann and Katsifodimos, Asterios and Samarev, Roman and Heiskanen, Henri and Markl, Volker},
  journal={arXiv preprint arXiv:1802.08496},
  year={2018}
}

- Single threaded vs Distributed
@inproceedings{mcsherry2015scalability,
  author    = {Frank McSherry and
               Michael Isard and
               Derek Gordon Murray},
  title     = {Scalability! But at what COST?},
  booktitle = {HotOS},
  publisher = {{USENIX} Association},
  year      = {2015}
}

@misc{bodendistributed,
  author={Christoph Boden and 
          Tilmann Rabl and 
          Volker Markl},
  title={Distributed Machine Learning-but at what COST?},
  howpublished={Private Communication},
  year={2018},
  organization={Tilmann Rabl}
}

OTHER
@inproceedings{berry1989real,
  author    = {G{\'{e}}rard Berry},
  title     = {Real Time Programming: Special Purpose or General Purpose Languages},
  booktitle = {{IFIP} Congress},
  pages     = {11--17},
  year      = {1989}
}

@article{gruber1995toward,
  author    = {Thomas R. Gruber},
  title     = {Toward principles for the design of ontologies used for knowledge
               sharing?},
  journal   = {Int. J. Hum.-Comput. Stud.},
  volume    = {43},
  number    = {5-6},
  pages     = {907--928},
  year      = {1995}
}

@article{DBLP:journals/semweb/BalduiniCDVHLKT14,
  author    = {Marco Balduini and
               Irene Celino and
               Daniele Dell'Aglio and
               Emanuele Della Valle and
               Yi Huang and
               Tony Kyung{-}il Lee and
               Seon{-}Ho Kim and
               Volker Tresp},
  title     = {Reality mining on micropost streams - Deductive and inductive reasoning
               for personalized and location-based recommendations},
  journal   = {Semantic Web},
  volume    = {5},
  number    = {5},
  pages     = {341--356},
  year      = {2014}
}

@article{DBLP:journals/internet/BalduiniBVHH14,
  author    = {Marco Balduini and
               Alessandro Bozzon and
               Emanuele Della Valle and
               Yi Huang and
               Geert{-}Jan Houben},
  title     = {Recommending Venues Using Continuous Predictive Social Media Analytics},
  journal   = {{IEEE} Internet Computing},
  volume    = {18},
  number    = {5},
  pages     = {28--35},
  year      = {2014}
}

@article{DBLP:journals/ijwbc/BreslinDHB06,
  author    = {John G. Breslin and
               Stefan Decker and
               Andreas Harth and
               Uldis Bojars},
  title     = {{SIOC:} an approach to connect web-based communities},
  journal   = {{IJWBC}},
  volume    = {2},
  number    = {2},
  pages     = {133--142},
  year      = {2006}
}

@incollection{lacasse2015making,
  author={Jeffrey R. Lacasse and
        Eileen Gambrill},
  title={Making assessment decisions: Macro, mezzo, and micro perspectives},
  booktitle={Critical Thinking in Clinical Assessment and Diagnosis},
  pages={69--84},
  year={2015},
  publisher={Springer}
}

@article{moyes1993icon,
  author   ={Jackie Moyes and 
         Patrick {W Jordan}},
  title    ={Icon design and its effect on guessability, learnability, and experienced user performance},
  journal  ={People and computers},
  number   ={8},
  pages    ={49--60},
  year     ={1993}
}

@article{DBLP:journals/ws/ComptonBBGCCGHHHHJKPLLNNPPST12,
  author    = {Michael Compton and
               Payam M. Barnaghi and
               Luis Bermudez and
               Raul {Garcia-Castro} and
               {\'O}scar Corcho and
               Simon Cox and
               John Graybeal and
               Manfred Hauswirth and
               Cory A. Henson and
               Arthur Herzog and
               Vincent A. Huang and
               Krzysztof Janowicz and
               W. David Kelsey and
               Danh {Le Phuoc} and
               Laurent Lefort and
               Myriam Leggieri and
               Holger Neuhaus and
               Andriy Nikolov and
               Kevin R. Page and
               Alexandre Passant and
               Amit P. Sheth and
               Kerry Taylor},
  title     = {The SSN ontology of the W3C semantic sensor network incubator
               group},
  journal   = {J. Web Sem.},
  volume    = {17},
  year      = {2012},
  pages     = {25-32},
  ee        = {http://dx.doi.org/10.1016/j.websem.2012.05.003},
  bibsource = {DBLP, http://dblp.uni-trier.de}
}

@inproceedings{DBLP:conf/www/BarbieriV10,
  author    = {Davide Francesco Barbieri and
               Emanuele {Della Valle}},
  title     = {A Proposal for Publishing Data Streams as Linked Data - {A} Position
               Paper},
  booktitle = {Proceedings of the {WWW2010} Workshop on Linked Data on the Web, {LDOW}
               2010, Raleigh, USA, April 27, 2010},
  year      = {2010},
  url       = {http://ceur-ws.org/Vol-628/ldow2010_paper11.pdf},
  timestamp = {Tue, 20 Sep 2011 21:50:37 +0200},
  biburl    = {http://dblp.uni-trier.de/rec/bib/conf/www/BarbieriV10},
  bibsource = {dblp computer science bibliography, http://dblp.org}
}

@article{DBLP:journals/pvldb/BotanDDHMT10,
  author    = {Irina Botan and
               Roozbeh Derakhshan and
               Nihal Dindar and
               Laura M. Haas and
               Ren{\'{e}}e J. Miller and
               Nesime Tatbul},
  title     = {{SECRET:} {A} Model for Analysis of the Execution Semantics of Stream
               Processing Systems},
  journal   = {{PVLDB}},
  volume    = {3},
  number    = {1},
  pages     = {232--243},
  year      = {2010}
}

@book{marz2015big,
  title={Big Data: Principles and best practices of scalable real-time data systems},
  author={Marz, Nathan and Warren, James},
  year={2015},
  publisher={New York; Manning Publications Co.}
}

@article{cyganiak2014rdf,
  title={RDF 1.1 concepts and abstract syntax},
  author={Cyganiak, Richard and Wood, David and Lanthaler, Markus and Klyne, Graham and Carroll, Jeremy J and McBride, Brian},
  journal={W3C recommendation},
  volume={25},
  number={02},
  year={2014}
}

@article{DBLP:journals/tods/PerezAG09,
  author    = {Jorge P{\'{e}}rez and
               Marcelo Arenas and
               Claudio Guti{\'{e}}rrez},
  title     = {Semantics and complexity of {SPARQL}},
  journal   = {{ACM} Trans. Database Syst.},
  volume    = {34},
  number    = {3},
  pages     = {16:1--16:45},
  year      = {2009}
}

@article{DBLP:journals/ijswis/CalbimonteJCA12,
  author    = {Jean{-}Paul Calbimonte and
               Hoyoung Jeung and
               {\'{O}}scar Corcho and
               Karl Aberer},
  title     = {Enabling Query Technologies for the Semantic Sensor Web},
  journal   = {Int. J. Semantic Web Inf. Syst.},
  volume    = {8},
  number    = {1},
  pages     = {43--63},
  year      = {2012}
}

@inproceedings{DBLP:conf/semweb/RinneNT12,
  author    = {Mikko Rinne and
               Esko Nuutila and
               Seppo T{\"{o}}rm{\"{a}}},
  title     = {{INSTANS:} High-Performance Event Processing with Standard {RDF} and
               {SPARQL}},
  booktitle = {International Semantic Web Conference (Posters {\&} Demos)},
  series    = {{CEUR} Workshop Proceedings},
  volume    = {914},
  publisher = {CEUR-WS.org},
  year      = {2012}
}

@article{DBLP:journals/semweb/AnicicRFS12,
  author    = {Darko Anicic and
               Sebastian Rudolph and
               Paul Fodor and
               Nenad Stojanovic},
  title     = {Stream reasoning and complex event processing in {ETALIS}},
  journal   = {Semantic Web},
  volume    = {3},
  number    = {4},
  pages     = {397--407},
  year      = {2012}
}

@inproceedings{DBLP:conf/fis/ValleCBBC08,
  author    = {Emanuele Della Valle and
               Stefano Ceri and
               Davide Francesco Barbieri and
               Daniele Braga and
               Alessandro Campi},
  title     = {A First Step Towards Stream Reasoning},
  booktitle = {{FIS}},
  series    = {Lecture Notes in Computer Science},
  volume    = {5468},
  pages     = {72--81},
  publisher = {Springer},
  year      = {2008}
}

@inproceedings{DBLP:conf/semweb/NenovPMHWB15,
  author    = {Yavor Nenov and
               Robert Piro and
               Boris Motik and
               Ian Horrocks and
               Zhe Wu and
               Jay Banerjee},
  title     = {RDFox: {A} Highly-Scalable {RDF} Store},
  booktitle = {International Semantic Web Conference {(2)}},
  series    = {Lecture Notes in Computer Science},
  volume    = {9367},
  pages     = {3--20},
  publisher = {Springer},
  year      = {2015}
}

@inproceedings{DBLP:conf/aaai/MotikNPH15a,
  author    = {Boris Motik and
               Yavor Nenov and
               Robert Edgar Felix Piro and
               Ian Horrocks},
  title     = {Incremental Update of Datalog Materialisation: the Backward/Forward
               Algorithm},
  booktitle = {{AAAI}},
  pages     = {1560--1568},
  publisher = {{AAAI} Press},
  year      = {2015}
}

@article{DBLP:journals/jods/VolzSM05,
  author    = {Raphael Volz and
               Steffen Staab and
               Boris Motik},
  title     = {Incrementally Maintaining Materializations of Ontologies Stored in
               Logic Databases},
  journal   = {J. Data Semantics},
  volume    = {2},
  pages     = {1--34},
  year      = {2005}
}

@article{DBLP:journals/debu/CarboneKEMHT15,
  author    = {Paris Carbone and
               Asterios Katsifodimos and
               Stephan Ewen and
               Volker Markl and
               Seif Haridi and
               Kostas Tzoumas},
  title     = {Apache Flink{\texttrademark}: Stream and Batch Processing in a Single
               Engine},
  journal   = {{IEEE} Data Eng. Bull.},
  volume    = {38},
  number    = {4},
  pages     = {28--38},
  year      = {2015}
}

@article{DBLP:journals/pvldb/ThusooSJSCALWM09,
  author    = {Ashish Thusoo and
               Joydeep Sen Sarma and
               Namit Jain and
               Zheng Shao and
               Prasad Chakka and
               Suresh Anthony and
               Hao Liu and
               Pete Wyckoff and
               Raghotham Murthy},
  title     = {Hive - {A} Warehousing Solution Over a Map-Reduce Framework},
  journal   = {{PVLDB}},
  volume    = {2},
  number    = {2},
  pages     = {1626--1629},
  year      = {2009}
}

@inproceedings{DBLP:conf/semweb/BroekstraKH02,
  author    = {Jeen Broekstra and
               Arjohn Kampman and
               Frank van Harmelen},
  title     = {Sesame: {A} Generic Architecture for Storing and Querying {RDF} and
               {RDF} Schema},
  booktitle = {International Semantic Web Conference},
  series    = {Lecture Notes in Computer Science},
  volume    = {2342},
  pages     = {54--68},
  publisher = {Springer},
  year      = {2002}
}

@inproceedings{DBLP:conf/owled/ShearerMH08,
  author    = {Rob Shearer and
               Boris Motik and
               Ian Horrocks},
  title     = {HermiT: {A} Highly-Efficient {OWL} Reasoner},
  booktitle = {{OWLED}},
  series    = {{CEUR} Workshop Proceedings},
  volume    = {432},
  publisher = {CEUR-WS.org},
  year      = {2008}
}

@inproceedings{DBLP:conf/semweb/RenC17,
  author    = {Xiangnan Ren and
               Olivier Cur{\'{e}}},
  title     = {Strider: {A} Hybrid Adaptive Distributed {RDF} Stream Processing Engine},
  booktitle = {International Semantic Web Conference {(1)}},
  series    = {Lecture Notes in Computer Science},
  volume    = {10587},
  pages     = {559--576},
  publisher = {Springer},
  year      = {2017}
}

@inproceedings{DBLP:conf/semweb/BalduiniV13,
  author    = {Marco Balduini and
               Emanuele Della Valle},
  title     = {A Restful Interface for {RDF} Stream Processors},
  booktitle = {International Semantic Web Conference (Posters {\&} Demos)},
  series    = {{CEUR} Workshop Proceedings},
  volume    = {1035},
  pages     = {209--212},
  publisher = {CEUR-WS.org},
  year      = {2013}
}

@misc{w3c_sparql,
  author =       {Eric Prud{'}hommeaux and Andy Seaborne},
  title =        {{SPARQL Query Language for RDF}},
  howpublished = {\url{http://www.w3.org/TR/rdf-sparql-query/}},
}

@inproceedings{Barbieri2010b,
  author    = {Davide Francesco Barbieri and Daniele Braga and Stefano Ceri and Emanuele {Della Valle} and Michael Grossniklaus},
  title     = {{Incremental Reasoning on Streams and Rich Background Knowledge}},
  booktitle = {ESWC},
  year      = {2010},
}

@INPROCEEDINGS{Anicic2011,
  author = {Anicic, D. and Fodor, P. and Rudolph, S. and Stojanovic, N.},
  title = {{EP-SPARQL}: a unified language for event processing and stream reasoning},
  booktitle = {WWW2011},
  year = {2011},
  pages = {635--644},
  file = {:/media/Add/ref/rdfstreams/Anicic2011.pdf:PDF}
}

@article{DBLP:journals/ijswis/BizerHB09,
  author    = {Christian Bizer and
               Tom Heath and
               Tim Berners{-}Lee},
  title     = {Linked Data - The Story So Far},
  journal   = {Int. J. Semantic Web Inf. Syst.},
  volume    = {5},
  number    = {3},
  pages     = {1--22},
  year      = {2009}
}

@inproceedings{DBLP:conf/www/TsytsarauPD10,
  author    = {Mikalai Tsytsarau and
               Themis Palpanas and
               Kerstin Denecke},
  title     = {Scalable discovery of contradictions on the web},
  booktitle = {{WWW}},
  pages     = {1195--1196},
  publisher = {{ACM}},
  year      = {2010}
}

@article{ratti2006mobile,
  title={Mobile landscapes: using location data from cell phones for urban analysis},
  author={Ratti, Carlo and Frenchman, Dennis and Pulselli, Riccardo Maria and Williams, Sarah},
  journal={Environment and Planning B: Planning and Design},
  volume={33},
  number={5},
  pages={727--748},
  year={2006},
  publisher={SAGE Publications Sage UK: London, England}
}

@article{mandalintegrating,
  title={Integrating Telecom CDR and Customer Data from Different Operational databases and Data warehouses into a Central Data Warehouse for Business Analysis},
  author={Mandal, Sharmistha and Maji, Giridhar}
}

@inproceedings{quercia2011mobile,
  title={Mobile phones and outdoor advertising: measurable advertising},
  author={Quercia, Daniele and Di Lorenzo, Giusy and Calabrese, Francesco and Ratti, Carlo},
  year={2011},
  organization={Institute of Electrical and Electronics Engineers}
}

@article{hawelka2014geo,
  title={Geo-located Twitter as proxy for global mobility patterns},
  author={Hawelka, Bartosz and Sitko, Izabela and Beinat, Euro and Sobolevsky, Stanislav and Kazakopoulos, Pavlos and Ratti, Carlo},
  journal={Cartography and Geographic Information Science},
  volume={41},
  number={3},
  pages={260--271},
  year={2014},
  publisher={Taylor \& Francis}
}

@inproceedings{calabrese2010human,
  title={Human mobility prediction based on individual and collective geographical preferences},
  author={Calabrese, Francesco and Di Lorenzo, Giusy and Ratti, Carlo},
  booktitle={Intelligent Transportation Systems (ITSC), 2010 13th International IEEE Conference on},
  pages={312--317},
  year={2010},
  organization={IEEE}
}

@inproceedings{DBLP:conf/semweb/BalduiniVDTPC13,
  author    = {Marco Balduini and
               Emanuele Della Valle and
               Daniele Dell'Aglio and
               Mikalai Tsytsarau and
               Themis Palpanas and
               Cristian Confalonieri},
  title     = {Social Listening of City Scale Events Using the Streaming Linked Data
               Framework},
  booktitle = {International Semantic Web Conference {(2)}},
  series    = {Lecture Notes in Computer Science},
  volume    = {8219},
  pages     = {1--16},
  publisher = {Springer},
  year      = {2013}
}

@article{habitat2016urbanization,
  title={Urbanization and development: emerging futures; world cities report 2016},
  author={Habitat, UN},
  journal={Nairobi, UN Habitat},
  year={2016}
}

@article{sanderson2015world,
  title={Are world cities also world immigrant cities? An international, cross-city analysis of global centrality and immigration},
  author={Sanderson, Matthew R and Derudder, Ben and Timberlake, Michael and Witlox, Frank},
  journal={International Journal of Comparative Sociology},
  volume={56},
  number={3-4},
  pages={173--197},
  year={2015},
  publisher={SAGE Publications Sage UK: London, England}
}

@article{deville2014dynamic,
  title={Dynamic population mapping using mobile phone data},
  author={Deville, Pierre and Linard, Catherine and Martin, Samuel and Gilbert, Marius and Stevens, Forrest R and Gaughan, Andrea E and Blondel, Vincent D and Tatem, Andrew J},
  journal={Proceedings of the National Academy of Sciences},
  volume={111},
  number={45},
  pages={15888--15893},
  year={2014},
  publisher={National Acad Sciences}
}

@article{leimgruber2013management,
  title={The management of multilingualism in a city-state},
  author={Leimgruber, Jakob RE},
  journal={Multilingualism and language diversity in urban areas: Acquisition, identities, space, education},
  volume={1},
  pages={227},
  year={2013},
  publisher={John Benjamins Publishing}
}

@book{garcia2001multilingual,
  title={The multilingual apple: languages in New York City},
  author={Garc{\'\i}a, Ofelia and Fishman, Joshua A},
  year={2001},
  publisher={Walter de Gruyter}
}

@book{extra2004urban,
  title={Urban multilingualism in Europe: Immigrant minority languages at home and school},
  author={Extra, Guus and Yaǧmur, Kutlay},
  volume={130},
  year={2004},
  publisher={Multilingual matters}
}

@inproceedings{cho2011friendship,
 author = {Cho, Eunjoon and Myers, Seth A. and Leskovec, Jure},
 title = {Friendship and Mobility: User Movement in Location-based Social Networks},
 booktitle = {Proceedings of the 17th ACM SIGKDD International Conference on Knowledge Discovery and Data Mining},
 series = {KDD '11},
 year = {2011},
 isbn = {978-1-4503-0813-7},
 location = {San Diego, California, USA},
 pages = {1082--1090},
 numpages = {9},
 acmid = {2020579},
 publisher = {ACM},
 address = {New York, NY, USA},
 keywords = {communication networks, human mobility, social networks},
} 

@inproceedings{tasse2016generating,
  title={Generating Neighborhood Guides from Social Media.},
  author={Tasse, Dan and Chou, Jennifer T and Hong, Jason I},
  booktitle={CitiLab@ ICWSM},
  year={2016}
}

@inproceedings{arnaboldi2016studying,
  title={Studying Multicultural Diversity of Cities and Neighborhoods through Social Media Language Detection.},
  author={Arnaboldi, Michela and Brambilla, Marco and Cassottana, Beatrice and Ciuccarelli, Paolo and Ripamonti, Davide and Vantini, Simone and Volonterio, Riccardo},
  booktitle={CitiLab@ ICWSM},
  year={2016}
}

@article{bokanyi2015race,
  title={Race, religion and the city: twitter word frequency patterns reveal dominant demographic dimensions in the United States},
  author={Bok{\'a}nyi, Eszter and Kondor, D{\'a}niel and Dobos, L{\'a}szl{\'o} and Seb{\H{o}}k, Tam{\'a}s and St{\'e}ger, J{\'o}zsef and Csabai, Istv{\'a}n and Vattay, G{\'a}bor},
  year={2015}
}

@incollection{quaggiotto2010new,
  title={New maps from the media-city. CityMurmur as a tool for the visualization of urban space},
  author={Quaggiotto, Marco and Ricci, Donato and Scagnetti, Gaia and Caviglia, Giorgio and Guido, Daniele and Graffieti, Michele and Granados Lopez, Samuel},
  booktitle={Nouvelles cartographies, nouvelles villes. HyperUrbain.2},
  year={2010},
  publisher={Europia Production}
}

@article{DBLP:journals/expert/ZengCLL10,
  author    = {Daniel Zeng and
               Hsinchun Chen and
               Robert F. Lusch and
               Shu{-}Hsing Li},
  title     = {Social Media Analytics and Intelligence},
  journal   = {{IEEE} Intelligent Systems},
  volume    = {25},
  number    = {6},
  pages     = {13--16},
  year      = {2010}
}

@article{DBLP:journals/expert/BarbieriBCVHTRW10,
  author    = {Davide Francesco Barbieri and
               Daniele Braga and
               Stefano Ceri and
               Emanuele Della Valle and
               Yi Huang and
               Volker Tresp and
               Achim Rettinger and
               Hendrik Wermser},
  title     = {Deductive and Inductive Stream Reasoning for Semantic Social Media
               Analytics},
  journal   = {{IEEE} Intelligent Systems},
  volume    = {25},
  number    = {6},
  pages     = {32--41},
  year      = {2010}
}

@article{DBLP:journals/tist/MeoFAAH13,
  author    = {Pasquale De Meo and
               Emilio Ferrara and
               Fabian Abel and
               Lora Aroyo and
               Geert{-}Jan Houben},
  title     = {Analyzing user behavior across social sharing environments},
  journal   = {{ACM} {TIST}},
  volume    = {5},
  number    = {1},
  pages     = {14:1--14:31},
  year      = {2013}
}

@inproceedings{huang2009multivariate,
  title={Multivariate prediction for learning in relational graphs},
  author={Huang, Yi and Tresp, Volker and Kriegel, Hans-Peter},
  booktitle={NIPS 2009 Workshop: Analyzing Networks and Learning With Graphs},
  pages={1--8},
  year={2009}
}

@inproceedings{DBLP:conf/sigmod/VlachosMV04,
  author    = {{Vlachos, M.  et al.}},
  title     = {Identifying Similarities, Periodicities and Bursts for Online
               Search Queries},
  booktitle = {SIGMOD Conference},
  year      = {2004},
  pages     = {131-142},
  ee        = {http://doi.acm.org/10.1145/1007568.1007586},
  bibsource = {DBLP, http://dblp.uni-trier.de}
}

@article{tresp2009materializing,
  title={Materializing and querying learned knowledge},
  author={Tresp, Volker and Huang, Yi and Bundschus, Markus and Rettinger, Achim},
  journal={Proc. of IRMLeS},
  volume={2009},
  year={2009},
  publisher={Citeseer}
}

@inproceedings{huang2010multivariate,
  title={Multivariate prediction for learning on the semantic web},
  author={Huang, Yi and Tresp, Volker and Bundschus, Markus and Rettinger, Achim and Kriegel, Hans-Peter},
  booktitle={International Conference on Inductive Logic Programming},
  pages={92--104},
  year={2010},
  organization={Springer}
}

@article{DBLP:journals/ws/LecueTHTBST14,
  author    = {Freddy L{\'{e}}cu{\'{e}} and
               Simone Tallevi{-}Diotallevi and
               Jer Hayes and
               Robert Tucker and
               Veli Bicer and
               Marco Luca Sbodio and
               Pierpaolo Tommasi},
  title     = {Smart traffic analytics in the semantic web with {STAR-CITY:} Scenarios,
               system and lessons learned in Dublin City},
  journal   = {J. Web Sem.},
  volume    = {27},
  pages     = {26--33},
  year      = {2014}
}

@article{DBLP:journals/internet/ValleCDGST11,
  author    = {Emanuele Della Valle and
               Irene Celino and
               Daniele Dell'Aglio and
               Ralph Grothmann and
               Florian Steinke and
               Volker Tresp},
  title     = {Semantic Traffic-Aware Routing Using the LarKC Platform},
  journal   = {{IEEE} Internet Computing},
  volume    = {15},
  number    = {6},
  pages     = {15--23},
  year      = {2011}
}

@inproceedings{DBLP:conf/semco/FenselHABCVFHKLSTWWZ08,
  author    = {Dieter Fensel and
               Frank van Harmelen and
               Bo Andersson and
               Paul Brennan and
               Hamish Cunningham and
               Emanuele Della Valle and
               Florian Fischer and
               Zhisheng Huang and
               Atanas Kiryakov and
               Tony Kyung{-}il Lee and
               Lael Schooler and
               Volker Tresp and
               Stefan Wesner and
               Michael J. Witbrock and
               Ning Zhong},
  title     = {Towards LarKC: {A} Platform for Web-Scale Reasoning},
  booktitle = {{ICSC}},
  pages     = {524--529},
  publisher = {{IEEE} Computer Society},
  year      = {2008}
}

@article{DBLP:journals/internet/DifallahCM13,
  author    = {Djellel Eddine Difallah and
               Philippe Cudr{\'{e}}{-}Mauroux and
               Sean A. McKenna},
  title     = {Scalable Anomaly Detection for Smart City Infrastructure Networks},
  journal   = {{IEEE} Internet Computing},
  volume    = {17},
  number    = {6},
  pages     = {39--47},
  year      = {2013}
}

@article{harris2013sparql,
  title={SPARQL 1.1 query language},
  author={Harris, Steve and Seaborne, Andy and Prud{'}hommeaux, Eric},
  journal={W3C recommendation},
  volume={21},
  number={10},
  year={2013}
}

@inproceedings{DBLP:conf/semweb/ZhangDCC12,
  author    = {Ying Zhang and
               Minh{-}Duc Pham and
               {\'{O}}scar Corcho and
               Jean{-}Paul Calbimonte},
  title     = {SRBench: {A} Streaming {RDF/SPARQL} Benchmark},
  booktitle = {International Semantic Web Conference {(1)}},
  series    = {Lecture Notes in Computer Science},
  volume    = {7649},
  pages     = {641--657},
  publisher = {Springer},
  year      = {2012}
}

@inproceedings{DBLP:conf/semweb/DellAglioCBCV13,
  author    = {Daniele Dell'Aglio and
               Jean{-}Paul Calbimonte and
               Marco Balduini and
               {\'{O}}scar Corcho and
               Emanuele Della Valle},
  title     = {On Correctness in {RDF} Stream Processor Benchmarking},
  booktitle = {International Semantic Web Conference {(2)}},
  series    = {Lecture Notes in Computer Science},
  volume    = {8219},
  pages     = {326--342},
  publisher = {Springer},
  year      = {2013}
}

@article{DBLP:journals/semweb/CalvaneseCKKLRR17,
  author    = {Diego Calvanese and
               Benjamin Cogrel and
               Sarah Komla{-}Ebri and
               Roman Kontchakov and
               Davide Lanti and
               Martin Rezk and
               Mariano Rodriguez{-}Muro and
               Guohui Xiao},
  title     = {Ontop: Answering {SPARQL} queries over relational databases},
  journal   = {Semantic Web},
  volume    = {8},
  number    = {3},
  pages     = {471--487},
  year      = {2017}
}

@inproceedings{DBLP:conf/semweb/PhuocQVH13,
  author    = {Danh Le Phuoc and
               Hoan Nguyen Mau Quoc and
               Chan Le Van and
               Manfred Hauswirth},
  title     = {Elastic and Scalable Processing of Linked Stream Data in the Cloud},
  booktitle = {International Semantic Web Conference {(1)}},
  series    = {Lecture Notes in Computer Science},
  volume    = {8218},
  pages     = {280--297},
  publisher = {Springer},
  year      = {2013}
}

@inproceedings{DBLP:conf/usenix/HuntKJR10,
  author    = {Patrick Hunt and
               Mahadev Konar and
               Flavio Paiva Junqueira and
               Benjamin Reed},
  title     = {ZooKeeper: Wait-free Coordination for Internet-scale Systems},
  booktitle = {{USENIX} Annual Technical Conference},
  publisher = {{USENIX} Association},
  year      = {2010}
}

@inproceedings{DBLP:conf/semweb/SequedaC09,
  author    = {Juan F. Sequeda and
               {\'{O}}scar Corcho},
  title     = {Linked Stream Data: {A} Position Paper},
  booktitle = {{SSN}},
  series    = {{CEUR} Workshop Proceedings},
  volume    = {522},
  pages     = {148--157},
  publisher = {CEUR-WS.org},
  year      = {2009}
}

@book{DBLP:series/synthesis/2011Heath,
  author    = {Tom Heath and
               Christian Bizer},
  title     = {Linked Data: Evolving the Web into a Global Data Space},
  series    = {Synthesis Lectures on the Semantic Web},
  publisher = {Morgan {\&} Claypool Publishers},
  year      = {2011}
}

@article{fernandez1997methontology,
  title={Methontology: from ontological art towards ontological engineering},
  author={Fern{\'a}ndez-L{\'o}pez, Mariano and G{\'o}mez-P{\'e}rez, Asunci{\'o}n and Juristo, Natalia},
  year={1997},
  publisher={American Association for Artificial Intelligence}
}

@phdthesis{DBLP:phd/dnb/Suarez-Figueroa12,
  author    = {Mari Carmen Su{\'{a}}rez{-}Figueroa},
  title     = {NeOn methodology for building ontology networks: specification, scheduling
               and reuse},
  school    = {Technical University of Madrid},
  year      = {2012}
}

@article{battle2011geosparql,
  title={Geosparql: enabling a geospatial semantic web},
  author={Robert Battle and Dave Kolas},
  journal={Semantic Web Journal},
  volume={3},
  number={4},
  pages={355--370},
  year={2011}
}

@misc{Hobbs2006,
  added-at = {2011-08-19T12:45:25.000+0200},
  biburl = {http://www.bibsonomy.org/bibtex/21e7da807dca7f94e75ddcd28567da745/zazi},
  author = {Jerry R. Hobbs  and Feng Pan},
  lastchecked = {2010-11-18},
  month = {September},
  owner = {zazi},
  timestamp = {2011-08-19T12:45:34.000+0200},
  title = {{Time Ontology in OWL}},
  year = 2006
}

@misc{RaimondAbdallahEventOntology2007,
  added-at = {2009-01-20T08:54:31.000+0100},
  author = {Yves Raimond and Samer Abdallah},
  keywords = {event-centric eventmodelf management media phd semantic thesis-ontology},
  no_month = {October},
  note = {http://motools.sf.net/event},
  owner = {scherp},
  timestamp = {2009-07-13T11:52:03.000+0200},
  title = {The Event Ontology},
  year = 2007
}

@techreport{w3c-prov-o,
  added-at = {2012-08-25T11:37:22.000+0200},
  author = {Khalid Belhajjame and James Cheney and David Corsar and Daniel Garijo and Stian Soiland-Reyes and Stephan Zednik  and Jun Zhao },
   editor = {Lebo, Timothy and Sahoo, Satya and McGuinness, Deborah},
  interhash = {7592aafb137a2cab5d439889f22f2e9f},
  intrahash = {bc1b2a9b25ba749a6f0c6b08bbff0bfc},
  keywords = {ontology, owl, prov-o, provenance, provo rdf, w3c,},
  timestamp = {2012-08-25T11:46:26.000+0200},
  title = {{PROV-O}: The {PROV Ontology}},
  urldate = {24 July 2012},
  year = 2012,
  institution = {{W3C}}
}

@inproceedings{DBLP:conf/sigmod/ArmbrustDTYZX0S18,
  author    = {Michael Armbrust and
               Tathagata Das and
               Joseph Torres and
               Burak Yavuz and
               Shixiong Zhu and
               Reynold Xin and
               Ali Ghodsi and
               Ion Stoica and
               Matei Zaharia},
  editor    = {Gautam Das and
               Christopher M. Jermaine and
               Philip A. Bernstein},
  title     = {Structured Streaming: {A} Declarative {API} for Real-Time Applications
               in Apache Spark},
  booktitle = {Proceedings of the 2018 International Conference on Management of
               Data, {SIGMOD} Conference 2018, Houston, TX, USA, June 10-15, 2018},
  pages     = {601--613},
  publisher = {{ACM}},
  year      = {2018},
  url       = {http://doi.acm.org/10.1145/3183713.3190664},
  doi       = {10.1145/3183713.3190664},
  timestamp = {Sun, 27 May 2018 19:31:52 +0200},
  biburl    = {https://dblp.org/rec/bib/conf/sigmod/ArmbrustDTYZX0S18},
  bibsource = {dblp computer science bibliography, https://dblp.org}
}

@inproceedings{DBLP:conf/sosp/ZahariaDLHSS13,
  author    = {Matei Zaharia and
               Tathagata Das and
               Haoyuan Li and
               Timothy Hunter and
               Scott Shenker and
               Ion Stoica},
  editor    = {Michael Kaminsky and
               Mike Dahlin},
  title     = {Discretized streams: fault-tolerant streaming computation at scale},
  booktitle = {{ACM} {SIGOPS} 24th Symposium on Operating Systems Principles, {SOSP}
               '13, Farmington, PA, USA, November 3-6, 2013},
  pages     = {423--438},
  publisher = {{ACM}},
  year      = {2013},
  url       = {http://doi.acm.org/10.1145/2517349.2522737},
  doi       = {10.1145/2517349.2522737},
  timestamp = {Wed, 29 Mar 2017 16:45:25 +0200},
  biburl    = {https://dblp.org/rec/bib/conf/sosp/ZahariaDLHSS13},
  bibsource = {dblp computer science bibliography, https://dblp.org}
}

@article{DBLP:journals/ijmms/Gruber95,
  author    = {Thomas R. Gruber},
  title     = {Toward principles for the design of ontologies used for knowledge
               sharing?},
  journal   = {Int. J. Hum.-Comput. Stud.},
  volume    = {43},
  number    = {5-6},
  pages     = {907--928},
  year      = {1995},
  url       = {https://doi.org/10.1006/ijhc.1995.1081},
  doi       = {10.1006/ijhc.1995.1081},
  timestamp = {Sat, 20 May 2017 00:25:09 +0200},
  biburl    = {https://dblp.org/rec/bib/journals/ijmms/Gruber95},
  bibsource = {dblp computer science bibliography, https://dblp.org}
}

@book{DBLP:books/daglib/0005829,
  author    = {Michael R. Genesereth and
               Nils J. Nilsson},
  title     = {Logical foundations of artificial intelligence},
  publisher = {Morgan Kaufmann},
  year      = {1988},
  isbn      = {978-0-934613-31-6},
  timestamp = {Tue, 12 Apr 2011 15:08:26 +0200},
  biburl    = {https://dblp.org/rec/bib/books/daglib/0005829},
  bibsource = {dblp computer science bibliography, https://dblp.org}
}

@inproceedings{DBLP:conf/debs/ValleDM16,
  author    = {Emanuele Della Valle and
               Daniele Dell'Aglio and
               Alessandro Margara},
  title     = {Taming velocity and variety simultaneously in big data with stream
               reasoning: tutorial},
  booktitle = {{DEBS}},
  pages     = {394--401},
  publisher = {{ACM}},
  year      = {2016}
}

@inproceedings{DBLP:conf/esws/BarbieriBCVG10,
  author    = {Davide Francesco Barbieri and
               Daniele Braga and
               Stefano Ceri and
               Emanuele Della Valle and
               Michael Grossniklaus},
  title     = {Incremental Reasoning on Streams and Rich Background Knowledge},
  booktitle = {{ESWC} {(1)}},
  series    = {Lecture Notes in Computer Science},
  volume    = {6088},
  pages     = {1--15},
  publisher = {Springer},
  year      = {2010}
}

@inproceedings{DBLP:conf/debs/KomazecCF12,
  author    = {Srdjan Komazec and
               Davide Cerri and
               Dieter Fensel},
  title     = {Sparkwave: continuous schema-enhanced pattern matching over {RDF}
               data streams},
  booktitle = {{DEBS}},
  pages     = {58--68},
  publisher = {{ACM}},
  year      = {2012}
}

@inproceedings{DBLP:conf/cikm/RenP11,
  author    = {Yuan Ren and
               Jeff Z. Pan},
  title     = {Optimising ontology stream reasoning with truth maintenance system},
  booktitle = {{CIKM}},
  pages     = {831--836},
  publisher = {{ACM}},
  year      = {2011}
}

@inproceedings{DBLP:conf/aaai/LengH16,
  author    = {Daniel de Leng and
               Fredrik Heintz},
  title     = {Qualitative Spatio-Temporal Stream Reasoning with Unobservable Intertemporal
               Spatial Relations Using Landmarks},
  booktitle = {{AAAI}},
  pages     = {957--963},
  publisher = {{AAAI} Press},
  year      = {2016}
}

@book{jacobs1961death,
  title={The death and life of American cities},
  author={Jacobs, Jane},
  year={1961}
}

@article{cook2005illuminating,
  title={Illuminating the path: The research and development agenda for visual analytics},
  author={Cook, Kristin A and Thomas, James J},
  year={2005},
  publisher={IEEE Computer Society, Los Alamitos, CA, United States (US).}
}

@article{DBLP:journals/csur/CugolaM12,
  author    = {Gianpaolo Cugola and
               Alessandro Margara},
  title     = {Processing flows of information: From data stream to complex event
               processing},
  journal   = {{ACM} Comput. Surv.},
  volume    = {44},
  number    = {3},
  pages     = {15:1--15:62},
  year      = {2012}
}

@article{DBLP:journals/jifs/HeintzD04,
  author    = {Fredrik Heintz and
               Patrick Doherty},
  title     = {DyKnow: An approach to middleware for knowledge processing},
  journal   = {Journal of Intelligent and Fuzzy Systems},
  volume    = {15},
  number    = {1},
  pages     = {3--13},
  year      = {2004}
}

@phdthesis{DBLP:phd/basesearch/Heintz09,
  author    = {Fredrik Heintz},
  title     = {DyKnow : {A} Stream-Based Knowledge Processing Middleware Framework},
  school    = {Link{\"{o}}ping University, Sweden},
  year      = {2009}
}

@inproceedings{DBLP:conf/esws/ScharrenbachUMVB13,
  author    = {Thomas Scharrenbach and
               Jacopo Urbani and
               Alessandro Margara and
               Emanuele Della Valle and
               Abraham Bernstein},
  title     = {Seven Commandments for Benchmarking Semantic Flow Processing Systems},
  booktitle = {{ESWC}},
  series    = {Lecture Notes in Computer Science},
  volume    = {7882},
  pages     = {305--319},
  publisher = {Springer},
  year      = {2013}
}

@inproceedings{DBLP:conf/semweb/AliGM15,
  author    = {Muhammad Intizar Ali and
               Feng Gao and
               Alessandra Mileo},
  title     = {CityBench: {A} Configurable Benchmark to Evaluate {RSP} Engines Using
               Smart City Datasets},
  booktitle = {International Semantic Web Conference {(2)}},
  series    = {Lecture Notes in Computer Science},
  volume    = {9367},
  pages     = {374--389},
  publisher = {Springer},
  year      = {2015}
}

@inproceedings{DBLP:conf/icwe/KolchinWKT16,
  author    = {Maxim Kolchin and
               Peter Wetz and
               Elmar Kiesling and
               A Min Tjoa},
  title     = {YABench: {A} Comprehensive Framework for {RDF} Stream Processor Correctness
               and Performance Assessment},
  booktitle = {{ICWE}},
  series    = {Lecture Notes in Computer Science},
  volume    = {9671},
  pages     = {280--298},
  publisher = {Springer},
  year      = {2016}
}

@inproceedings{DBLP:conf/esws/TommasiniVBD16,
  author    = {Riccardo Tommasini and
               Emanuele Della Valle and
               Marco Balduini and
               Daniele Dell'Aglio},
  title     = {Heaven: {A} Framework for Systematic Comparative Research Approach
               for {RSP} Engines},
  booktitle = {{ESWC}},
  series    = {Lecture Notes in Computer Science},
  volume    = {9678},
  pages     = {250--265},
  publisher = {Springer},
  year      = {2016}
}

@article{kalekar2004time,
  title={Time series forecasting using holt-winters exponential smoothing},
  author={Kalekar, Prajakta S},
  journal={Kanwal Rekhi School of Information Technology},
  volume={4329008},
  pages={1--13},
  year={2004}
}

@inproceedings{Brambilla2017,
author="Brambilla, Marco
and Ceri, Stefano
and Daniel, Florian
and Donetti, Gianmarco",
editor="Cabot, Jordi
and De Virgilio, Roberto
and Torlone, Riccardo",
title="Temporal Analysis of Social Media Response to Live Events: The Milano Fashion Week",
bookTitle="Web Engineering: 17th International Conference, ICWE 2017, Rome, Italy, June 5-8, 2017, Proceedings",
year="2017",
publisher="Springer International Publishing",
address="Cham",
pages="134--150",
isbn="978-3-319-60131-1",
}

@inproceedings{BrambillaSpatial2017,
 author = {Brambilla, Marco and Ceri, Stefano and Daniel, Florian and Donetti, Gianmarco},
 title = {Spatial Analysis of Social Media Response to Live Events: The Case of the Milano Fashion Week},
 booktitle = {Proceedings of the 26th International Conference on World Wide Web Companion},
 series = {WWW '17 Companion},
 year = {2017},
 isbn = {978-1-4503-4914-7},
 location = {Perth, Australia},
 pages = {1457--1462},
 numpages = {6},
  acmid = {3051698},
 publisher = {International World Wide Web Conferences Steering Committee},
 address = {Republic and Canton of Geneva, Switzerland},
 keywords = {live events, social media analysis},
}

@inproceedings{aggarwal2015outlier,
  title={Outlier analysis},
  author={Aggarwal, Charu C},
  booktitle={Data mining},
  pages={237--263},
  year={2015},
  organization={Springer}
}

@inproceedings{Srivastava:2004:FTM:1055558.1055596,
 author = {Srivastava, Utkarsh and Widom, Jennifer},
 title = {Flexible Time Management in Data Stream Systems},
 booktitle = {Proceedings of the Twenty-third ACM SIGMOD-SIGACT-SIGART Symposium on Principles of Database Systems},
 series = {PODS '04},
 year = {2004},
 isbn = {158113858X},
 location = {Paris, France},
 pages = {263--274},
 numpages = {12},
 url = {http://doi.acm.org/10.1145/1055558.1055596},
 doi = {10.1145/1055558.1055596},
 acmid = {1055596},
 publisher = {ACM},
 address = {New York, NY, USA},
} 

@proceedings{DBLP:conf/dagstuhl/1998gp,
  editor    = {Mehdi Jazayeri and
               R{\"{u}}diger Loos and
               David R. Musser},
  title     = {Generic Programming, International Seminar on Generic Programming,
               Dagstuhl Castle, Germany, April 27 - May 1, 1998, Selected Papers},
  series    = {Lecture Notes in Computer Science},
  volume    = {1766},
  publisher = {Springer},
  year      = {2000},
  isbn      = {3-540-41090-2},
  timestamp = {Thu, 03 Jan 2002 11:56:09 +0100},
  biburl    = {http://dblp.uni-trier.de/rec/bib/conf/dagstuhl/1998gp},
  bibsource = {dblp computer science bibliography, http://dblp.org}
}

@article{price1976general,
  title={A general theory of bibliometric and other cumulative advantage processes},
  author={Price, Derek de Solla},
  journal={Journal of the Association for Information Science and Technology},
  volume={27},
  number={5},
  pages={292--306},
  year={1976},
  publisher={Wiley Online Library}
}

@article{bertin1983semiology,
  title={Semiology of graphics: diagrams, networks, maps},
  author={Bertin, Jacques},
  year={1983},
  publisher={University of Wisconsin press}
}

@article{pentland2007social,
  title={Social signal processing [exploratory DSP]},
  author={Pentland, Alex},
  journal={IEEE Signal Processing Magazine},
  volume={24},
  number={4},
  pages={108--111},
  year={2007},
  publisher={IEEE}
}

@article{yitzhaki1983extension,
  title={On an extension of the Gini inequality index},
  author={Yitzhaki, Shlomo},
  journal={International economic review},
  pages={617--628},
  year={1983},
  publisher={JSTOR}
}

@article{DBLP:journals/sigmod/StonebrakerCZ05,
  author    = {Michael Stonebraker and
               Ugur {\c{C}}etintemel and
               Stanley B. Zdonik},
  title     = {The 8 requirements of real-time stream processing},
  journal   = {{SIGMOD} Record},
  volume    = {34},
  number    = {4},
  pages     = {42--47},
  year      = {2005}
}

@inproceedings{DBLP:conf/esws/EiterPS17,
  author    = {Thomas Eiter and
               Josiane Xavier Parreira and
               Patrik Schneider},
  title     = {Spatial Ontology-Mediated Query Answering over Mobility Streams},
  booktitle = {{ESWC} {(1)}},
  series    = {Lecture Notes in Computer Science},
  volume    = {10249},
  pages     = {219--237},
  year      = {2017}
}

@article{DBLP:journals/itsr/EiterKPRSS16,
  author    = {Thomas Eiter and
               Thomas Krennwallner and
               Matthias Prandtstetter and
               Christian Rudloff and
               Patrik Schneider and
               Markus Straub},
  title     = {Semantically Enriched Multi-Modal Routing},
  journal   = {Int. J. Intelligent Transportation Systems Research},
  volume    = {14},
  number    = {1},
  pages     = {20--35},
  year      = {2016}
}

@inproceedings{DBLP:conf/ijcai/KontchakovPPRZ16,
  author    = {Roman Kontchakov and
               Laura Pandolfo and
               Luca Pulina and
               Vladislav Ryzhikov and
               Michael Zakharyaschev},
  title     = {Temporal and Spatial {OBDA} with Many-Dimensional Halpern-Shoham Logic},
  booktitle = {{IJCAI}},
  pages     = {1160--1166},
  publisher = {{IJCAI/AAAI} Press},
  year      = {2016}
}

@inproceedings{DBLP:conf/ijcai/MehdiBRR16,
  author    = {Gulnar Mehdi and
               Sebastian Brandt and
               Mikhail Roshchin and
               Thomas A. Runkler},
  title     = {Semantic Framework for Industrial Analytics and Diagnostics},
  booktitle = {{IJCAI}},
  pages     = {4016--4017},
  publisher = {{IJCAI/AAAI} Press},
  year      = {2016}
}

@article{DBLP:journals/ws/KharlamovMMNORS17,
  author    = {Evgeny Kharlamov and
               Theofilos Mailis and
               Gulnar Mehdi and
               Christian Neuenstadt and
               {\"{O}}zg{\"{u}}r L. {\"{O}}z{\c{c}}ep and
               Mikhail Roshchin and
               Nina Solomakhina and
               Ahmet Soylu and
               Christoforos Svingos and
               Sebastian Brandt and
               Martin Giese and
               Yannis E. Ioannidis and
               Steffen Lamparter and
               Ralf M{\"{o}}ller and
               Yannis Kotidis and
               Arild Waaler},
  title     = {Semantic access to streaming and static data at Siemens},
  journal   = {J. Web Sem.},
  volume    = {44},
  pages     = {54--74},
  year      = {2017}
}

@inproceedings{DBLP:conf/dlog/BienvenuKKPZ16,
  author    = {Meghyn Bienvenu and
               Stanislav Kikot and
               Roman Kontchakov and
               Vladimir V. Podolskii and
               Michael Zakharyaschev},
  title     = {Theoretically Optimal Datalog Rewritings for {OWL} 2 {QL} Ontology-Mediated
               Queries},
  booktitle = {Description Logics},
  series    = {{CEUR} Workshop Proceedings},
  volume    = {1577},
  publisher = {CEUR-WS.org},
  year      = {2016}
}

@inproceedings{DBLP:conf/time/ArtaleKKRWZ17,
  author    = {Alessandro Artale and
               Roman Kontchakov and
               Alisa Kovtunova and
               Vladislav Ryzhikov and
               Frank Wolter and
               Michael Zakharyaschev},
  title     = {Ontology-Mediated Query Answering over Temporal Data: {A} Survey (Invited
               Talk)},
  booktitle = {{TIME}},
  series    = {LIPIcs},
  volume    = {90},
  pages     = {1:1--1:37},
  publisher = {Schloss Dagstuhl - Leibniz-Zentrum fuer Informatik},
  year      = {2017}
}

@inproceedings{DBLP:conf/aaai/BrandtKKRXZ17,
  author    = {Sebastian Brandt and
               Elem G{\"{u}}zel Kalayci and
               Roman Kontchakov and
               Vladislav Ryzhikov and
               Guohui Xiao and
               Michael Zakharyaschev},
  title     = {Ontology-Based Data Access with a Horn Fragment of Metric Temporal
               Logic},
  booktitle = {{AAAI}},
  pages     = {1070--1076},
  publisher = {{AAAI} Press},
  year      = {2017}
}